3066 5092
406 386 608 437 onoonrom
633 386 871 438 sancronorr.
1199 395 1244 449 ιο,

155 598 311 675 Dyadema
324 598 461 675 spineum
483 618 657 658 veneremur
675 599 783 658 hodie:
804 598 888 657 euius
903 618 955 675 per
975 599 1112 657 aculeum
1134 609 1243 657 sertum

233 680 319 738 datur
332 679 424 756 glorie
437 680 563 738 alleluia.
606 681 645 740 tl
689 681 817 739 Surrexit
831 680 970 739 dominus
981 691 1011 738 et
1025 679 1117 738 illuxit
1132 680 1243 755 populo

233 779 306 819 suo:
335 779 425 837 quem
447 762 571 820 redemit
598 761 662 837 ipse
686 761 828 838 sanguine
849 779 914 822 suo,
965 761 1040 818 Post
1057 761 1244 818 ascensionem

233 843 386 899 senondnm
418 842 554 902 Alleluia.
569 842 608 901 V.
624 842 933 901 Ascendensehristus
947 841 977 900 in
988 842 1080 900 altum
1095 841 1244 918 captiuam

234 923 318 982 duxit
332 922 551 1000 captiuitatem:
566 923 649 982 dedit
663 925 743 983 dona
758 923 938 982 hominibus.

373 1054 534 1113 Semndnm
547 1055 687 1113 ioannem.
742 1051 809 1135 [xix.
829 1050 909 1134 1-5.]

153 1159 192 1217 In
213 1158 263 1218 illo
284 1170 426 1237 tempore.
469 1161 674 1236 Apprehendit
694 1160 802 1236 pilatus
824 1160 935 1220 iesum:
969 1169 999 1219 et
1019 1158 1193 1237 flagellauit:
1216 1169 1244 1218 et

235 1240 342 1299 milites
363 1242 526 1317 plectentes
547 1261 688 1301 coronam
717 1243 755 1301 de
780 1241 882 1318 spinis.
924 1242 1134 1317 Imposuerunt
1155 1239 1245 1317 capiti

234 1320 305 1380 eius.
351 1323 389 1381 Et
403 1335 485 1381 veste
498 1342 644 1399 purpurea
655 1323 904 1382 circundederunt
915 1341 992 1381 eum.
1036 1323 1075 1380 Et
1086 1320 1245 1380 veniebant

234 1402 382 1461 adeum:
411 1415 440 1462 et
462 1403 609 1463 dicebant.
653 1406 720 1463 Aue
741 1424 791 1462 rex
812 1404 975 1462 iudeorum.
1021 1404 1059 1461 Et
1083 1402 1195 1461 dabant
1217 1402 1243 1460 ei

233 1485 341 1559 alapas.
387 1484 486 1543 Exiuit
515 1484 619 1543 iterum
648 1485 754 1560 pilatus
782 1485 876 1543 foras:
912 1495 941 1543 et
969 1483 1041 1543 dixit
1070 1483 1120 1543 eis
1165 1484 1245 1542 Ecce

233 1564 354 1623 adduco
369 1583 437 1624 eum
453 1565 538 1625 vobis
559 1567 653 1624 foras:
675 1576 705 1623 vt
726 1564 930 1643 cognoscatis:
952 1565 1022 1641 quia
1036 1564 1066 1623 in
1081 1583 1118 1624 eo
1133 1565 1244 1622 nullam

234 1664 355 1703 causam
369 1645 508 1706 inuenio:
524 1647 614 1705 exiuit
628 1665 697 1723 ergo
712 1646 789 1705 iesus
803 1657 923 1724 portans
938 1646 1070 1722 spineam
1085 1663 1245 1704 coronam:

235 1737 265 1785 et
279 1745 457 1803 purpureum
472 1728 692 1788 vestimentum.

542 1858 737 1933 Offertom‘um.

152 1961 255 2023 Gloria
269 1974 298 2022 et
320 1964 433 2024 honore
447 1965 595 2024 coronasti
616 1984 702 2023 eum:
724 1975 753 2023 et
774 1963 952 2024 constituisti
971 1983 1040 2023 eum
1056 1983 1143 2041 super
1157 1983 1247 2041 opera

235 2063 378 2103 manuum
394 2056 510 2104 tuarum
526 2045 648 2106 domine
661 2045 786 2105 alleluia.

579 2176 699 2235 Secreta.

151 2255 286 2314 Tuorum
303 2255 429 2314 militum
451 2275 500 2315 rex
521 2257 710 2332 omnipotens
731 2254 868 2314 virtutem
882 2256 1058 2315 corrobora:
1079 2267 1110 2313 vt
1124 2275 1200 2333 quos
1216 2255 1245 2314 in

234 2336 322 2395 huius
337 2337 521 2396 mortalitatis
536 2337 632 2396 stadio
646 2335 787 2415 vnigeniti
802 2335 853 2394 filii
875 2337 917 2395 tui
931 2355 1041 2396 corona
1055 2337 1193 2396 letificat:
1215 2337 1245 2395 in

235 2417 420 2476 mortalitatis
434 2417 569 2477 bmnium
583 2418 816 2496 apprehendant.
860 2419 917 2477 Per
933 2419 1061 2477 eundem
1078 2418 1243 2477 dominum.

549 2546 728 2605 Communia.

152 2648 281 2709 Posuisti
296 2650 418 2709 domine
433 2651 462 2709 in
474 2651 571 2729 capite
583 2651 647 2711 eius
658 2670 799 2711 coronam
811 2652 849 2711 de
860 2650 959 2728 lapide
970 2651 1104 2728 precioso
1118 2651 1243 2711 alleluia.

519 2780 756 2838 postcommunio.

149 2883 306 2962 Supplices
328 2896 357 2943 te
378 2904 514 2961 rogamus
529 2886 719 2962 omnipotens
740 2885 832 2944 deus:
855 2896 885 2943 vt
906 2886 961 2944 hec
983 2896 1165 2944 sacramenta
1186 2905 1245 2962 que

233 2966 431 3042 sumpsimus:
453 2986 505 3043 per
526 2977 712 3025 sacrosancte
727 2966 778 3024 filii
800 2966 842 3024 tui
857 2984 984 3025 corone:
1006 2966 1090 3024 cuius
1112 2968 1244 3026 solennia

231 3065 420 3186 recegrsemus
447 3047 584 3106 virtutem
619 3047 706 3107 nobis
741 3047 895 3125 proficiant
922 3048 961 3106 ad
989 3048 1145 3106 medelam.
1189 3050 1245 3107 Per

232 3147 291 3186 eun
315 3147 371 3186 em.

544 3302 645 3382 Page
665 3317 735 3381 300.

154 3410 230 3468 N.B.
274 3411 310 3468 P.
330 3429 367 3484 74
381 3411 407 3468 is
422 3419 473 3468 not
484 3413 605 3469 colloted
624 3413 656 3468 in
679 3413 725 3469 tlte
749 3414 922 3470 PROPR1UM
948 3413 1156 3486 SANCTORUM‚
1181 3416 1246 3471 ond

188 3491 348 3566 following
358 3493 470 3550 Forms.

95 3591 108 3630 r
161 3604 184 3614 -
207 3573 448 3632 OFFITIUM:
469 3590 581 3649 05‚09,
605 3593 652 3649 43,
677 3575 741 3650 581,
768 3575 837 3632 608.
884 3575 1107 3634 ...INCIPIT
1128 3576 1239 3635 OFFI-

200 3653 248 3713 CI
250 3654 322 3712 ΠΜ
329 3677 338 3711 .·
361 3655 433 3730 58L,
450 3656 515 3725 601,
529 3657 576 3712 61.

89 3752 110 3809 3
151 3735 310 3792 Aeosrou
331 3748 354 3796 ÷
373 3736 427 3792 Ad
437 3736 565 3793 Mismm
578 3758 587 3793 :
612 3738 656 3807 16,
674 3755 719 3810 30,
734 3756 781 3808 4ο.

91 3835 112 3887 4
152 3815 257 3873 Read:
278 3816 317 3873 In
341 3816 446 3875 Sancti
471 3817 633 3874 Saturnini
655 3817 824 3890 Martyris:
846 3833 893 3892 05,
924 3837 971 3891 09,
998 3837 1045 3892 43,
1072 3819 1136 3895 581,
1165 3819 1238 3895 58L.

193 3897 256 3954 Pro
272 3923 296 3943 =
314 3897 385 3954 De:
407 3916 453 3972 30,
470 3917 518 3969 40.
565 3899 707 3955 ...Sancti
719 3898 881 3956 Saturnini
892 3899 1042 3973 Martyris
1054 3922 1063 3957 :
1085 3901 1149 3971 601,
1167 3902 1235 3971 605,

196 3978 243 4034 61.

195 4059 234 4115 In
250 4060 297 4115 all
305 4067 402 4133 except
414 4061 461 4130 81,
478 4061 662 4131 linesi...16
678 4078 729 4117 ore
743 4061 869 4117 inserted
880 4059 988 4135 afterl.
1006 4080 1051 4136 39,
1061 4070 1094 4137 p.
1112 4081 1179 4136 301.

91 4139 112 4196 6
153 4139 240 4197 nobis
259 4166 284 4186 =
301 4157 376 4197 nos:
398 4142 448 4196 all.

73 4236 110 4292 17
153 4219 243 4277 Reod
251 4242 261 4277 :
281 4221 396 4277 Deinde
402 4231 462 4297 pro
484 4221 589 4295 Vtgilio
602 4243 611 4277 .·
633 4224 680 4277 81.

75 4319 115 4357 ao
156 4317 225 4377 post
240 4319 288 4360 me
309 4311 398 4359 -etz
420 4303 467 4359 all
476 4306 631 4377 except81.

71 4399 110 4455 27
155 4400 298 4441 exuamur
314 4409 338 4429 =
354 4401 510 4441 eruamur:
534 4384 597 4459 581,
616 4383 688 4459 58L,
705 4383 770 4440 601.
