3066 5092
480 377 597 426 FERIA
621 376 649 427 V.
668 377 717 427 IN
731 377 832 427 CENA
849 377 1002 426 DOMINI.
1316 389 1348 441 73

159 527 220 576 line.

266 607 292 652 4
309 591 384 649 Alia
397 590 480 664 infru
494 590 653 647 arbonem.-
674 591 724 648 all.

177 694 215 748 19
258 674 333 732 snas
352 686 376 733 ÷
393 682 422 729 et
436 670 556 729 eleuatis
570 671 664 729 oculis
678 670 708 728 in
729 672 827 729 celum
848 671 888 730 ad
908 682 938 729 te
959 670 1008 749 (ut
1025 672 1057 728 in
1078 690 1203 730 canone:
1225 675 1257 730 P.
1276 670 1345 747 74):

300 770 347 829 05,
363 772 411 828 09,
427 770 475 826 43,
493 752 557 828 581,
576 753 649 828 58L,
666 753 731 823 601,
749 753 817 822 608,
835 754 881 823 61,
899 754 930 810 P.
949 770 995 825 74.

174 855 215 906 24
257 843 392 910 etpostea
412 835 568 908 completur
587 834 675 890 missa
692 835 866 908 :completa
887 834 1080 891 communione
1091 833 1230 907 fratrum
1244 842 1346 909 pastea

298 917 474 989 compleatur
493 914 604 972 missa:
625 932 672 990 05.
728 914 939 972 communicant
951 941 976 961 =
992 915 1258 974 communicantur:
1280 916 1344 990 581,

319 996 373 1067 81,
389 996 455 1053 601.

249 1013 366 1151 fraires
378 1077 542 1134 immediate
554 1076 765 1133 communicant
778 1102 802 1122 =
809 1075 875 1150 fiat
884 1077 1062 1134 communio:
1085 1078 1117 1134 P.
1136 1094 1181 1149 74.

175 1160 214 1215 28
267 1191 288 1199 -
308 1158 367 1215 ita:
389 1176 436 1232 93,
453 1174 501 1233 05.

172 1258 211 1313 31
257 1239 341 1314 quod
357 1252 381 1299 ÷
398 1248 551 1312 tempore:
581 1239 631 1295 all.
684 1271 705 1278 -
725 1238 825 1295 cultu:
855 1254 902 1313 05,
926 1239 972 1308 08,
997 1257 1044 1312 09,
1069 1257 1115 1311 30.
1159 1239 1264 1296 Read:
1296 1248 1346 1296 tue

298 1318 544 1377 immortalitatis:
565 1336 613 1394 05,
630 1320 677 1389 08,
694 1338 744 1392 09,
762 1321 805 1390 16,
823 1337 869 1393 30,
886 1338 933 1390 40,
951 1337 998 1393 43,
1017 1320 1080 1395 581,
1099 1321 1172 1395 58L,
1189 1320 1254 1390 601,
1274 1320 1342 1390 60S,

299 1403 346 1471 61,
364 1402 395 1458 P.
415 1417 460 1472 74.

171 1500 213 1556 33
257 1481 346 1539 missa
363 1495 387 1542 ÷
403 1491 466 1538 est:
487 1482 537 1537 all.

170 1582 212 1637 34
255 1563 318 1619 For
324 1563 382 1620 tbis
396 1563 454 1618 line
468 1564 541 1618 read
547 1583 556 1618 :
577 1561 679 1617 Finita
690 1561 786 1632 missa,
799 1562 993 1617 accenduntur
1000 1562 1155 1633 intorticta,
1159 1562 1204 1636 fit
1205 1563 1346 1636 processio

298 1662 376 1699 mare
389 1643 479 1700 solito.
525 1641 680 1700 Celebrans
689 1641 853 1715 genuflectit
864 1649 932 1698 ante
945 1644 1047 1713 altare,
1058 1643 1183 1717 imponit
1200 1644 1345 1700 incensum

298 1725 330 1781 in
351 1724 460 1780 duobus
481 1723 645 1792 thuribnb's,
661 1731 691 1778 et
709 1742 771 1779 cum
790 1724 882 1779 altero
900 1723 1031 1779 incensat
1047 1731 1092 1780 ter
1104 1723 1323 1781 Sacramentum
1337 1748 1346 1782 ,-

297 1806 397 1862 deinde
423 1806 458 1861 de
485 1824 575 1860 manu
596 1803 729 1860 Diaconi
750 1811 857 1878 accepto
888 1804 970 1860 calice
1003 1823 1065 1860 cum
1098 1813 1282 1876 sacramento,
1319 1814 1348 1861 et

297 1893 422 1960 cooperta
434 1885 665 1941 extremitatibus
685 1885 748 1955 oeli,
764 1903 819 1958 quo
839 1885 902 1958 ejus
922 1885 1038 1941 humeri
1056 1893 1199 1958 teguntur,
1216 1887 1347 1960 procedet

298 1967 408 2023 medius
421 1966 500 2022 iuter
510 1966 677 2022 Diaconum
692 1984 711 2021 a
725 1965 837 2021 dextris
850 1973 879 2021 et
892 1965 1102 2023 Subdiaconum
1117 1986 1136 2023 a
1149 1967 1280 2024 sinistris
1292 1968 1345 2024 sub

297 2047 474 2116 baldachino,
496 2047 606 2103 duobus
619 2046 770 2104 Aeolutbu's
789 2046 1008 2103 Sacramentum
1028 2047 1159 2104 continue
1174 2048 1345 2105 incensanti-

295 2128 349 2185 bus
366 2146 452 2201 vsque
472 2129 514 2183 ad
532 2128 621 2184 Iouem
637 2135 858 2201 praeparatum,
881 2127 932 2184 obi
942 2136 1002 2201 pra
1021 2128 1147 2185 crastino
1167 2131 1344 2186 seruandum

294 2217 344 2265 est.
400 2209 517 2265 Interea
544 2210 613 2264 dum
619 2208 664 2281 fit
682 2208 831 2283 processio,
867 2216 1007 2265 cantatur
1038 2209 1184 2282 Hymnus.
1243 2212 1344 2286 Pange

296 2288 396 2365 lingua
416 2288 535 2365 gloriosi
557 2288 687 2364 corporis
709 2287 888 2363 mysterium.
945 2289 1080 2363 Reposito
1104 2290 1290 2347 Sacramenta
1318 2299 1349 2347 et

298 2389 402 2427 rursus
415 2371 566 2440 incensato,
589 2371 621 2425 iu
645 2369 741 2428 Charo
761 2370 899 2426 dicantur
926 2369 1060 2444 Venterae
1071 2392 1081 2427 .·
1095 2378 1196 2445 postea
1217 2374 1345 2429 sacerdos

296 2470 359 2507 aem
373 2451 517 2508 ministris
529 2452 653 2507 denudet
663 2451 776 2507 altaria
791 2452 903 2522 legendo
913 2473 922 2506 :
945 2452 976 2507 P.
994 2469 1040 2523 74.

173 2549 212 2606 35
256 2532 429 2606 Antiphana
445 2559 470 2578 =
485 2531 687 2606 Antiphonam
699 2554 709 2589 .·
729 2533 776 2587 all
786 2532 854 2587 that
864 2531 937 2589 bave
951 2532 997 2587 tbe
1009 2534 1096 2589 mord
1106 2535 1313 2590 uncoutracted.

172 2614 212 2686 36
259 2611 429 2670 liiuiserunt
445 2625 470 2672 ÷
488 2611 563 2670 sibi:
585 2614 635 2668 aII.

172 2711 210 2767 37
264 2726 285 2733 -
305 2692 333 2749 in
349 2712 417 2751 me:
439 2711 486 2769 05,
503 2712 549 2767 09,
566 2712 613 2767 43,
631 2693 695 2768 581,
714 2694 787 2767 58L,
804 2693 869 2763 601,
886 2694 954 2763 608,
972 2695 1018 2750 61.

172 2793 212 2847 39
255 2776 440 2830 nudationem
459 2801 483 2820 =
498 2775 739 2830 denudationem:
760 2775 792 2830 P.
810 2791 855 2846 74.

172 2873 213 2924 4ο
247 2854 363 2927 sratres
379 2882 404 2901 =
422 2855 532 2912 clerici:
564 2856 595 2912 P.
628 2872 674 2927 74.
727 2855 909 2911 Mandatum
927 2869 951 2916 ÷
969 2863 998 2912 et
1021 2863 1137 2912 cantato
1165 2876 1184 2912 a
1211 2856 1345 2913 Dracone

296 2937 461 3008 Euangelio
471 2935 631 3009 hujusdiei,
642 2936 749 2992 scilicet.
780 2937 860 2992 Ante
873 2934 952 2994 diem
964 2937 1072 2993 festum
1083 2937 1214 2995 Paschae
1228 2958 1234 2994 ε
1251 2938 1281 2994 Ρ.
1297 2955 1343 3010 74.

298 3018 420 3074 maiores
433 3017 560 3073 abluunt
576 3043 600 3062 =
617 3016 714 3072 maiar
725 3017 840 3073 abluit:
862 3017 893 3074 P.
912 3034 957 3089 74.

170 3116 209 3167 42
247 3099 334 3170 pedes
351 3111 376 3158 ÷
395 3098 554 3154 minoribus
575 3104 711 3170 tergunt:
732 3099 778 3153 all
794 3105 891 3172 except
910 3098 941 3154 P.
960 3114 1005 3171 74,
1029 3098 1122 3154 which
1148 3099 1223 3156 read
1231 3121 1240 3156 :
1261 3100 1348 3173 tergit

295 3186 324 3234 et
335 3180 489 3235 osculatur.
536 3179 675 3236 Cantarc's
691 3204 716 3224 =
735 3178 897 3237 Cantorum
910 3201 919 3235 :
942 3180 973 3236 P.
993 3196 1037 3252 74.

640 3351 741 3430 Page
765 3364 832 3431 159.

187 3479 207 3528 4
250 3457 430 3516 immaculati
448 3473 472 3520 ÷
489 3458 518 3515 in
534 3458 580 3516 via
595 3458 646 3534 qui
666 3459 821 3518 ambulant
842 3459 874 3517 in
897 3461 961 3536 lege
982 3460 1114 3519 domini:
1138 3480 1184 3536 30,
1202 3482 1250 3534 40,
1269 3465 1342 3539 58L,

189 3623 208 3675 6
260 3653 281 3660 -
300 3639 432 3677 nouum:
454 3622 501 3695 85,
526 3639 573 3695 93,
597 3624 644 3692 08,
673 3623 723 3693 16,·
735 3641 781 3696 30,
804 3640 851 3693 40.
895 3641 958 3678 cum
973 3623 1101 3696 psalmis
1121 3650 1145 3669 =
1164 3642 1217 3697 que
1237 3625 1345 3682 babent

286 3702 436 3776 psalmos:
457 3703 508 3759 all.

175 3800 207 3853 17
252 3780 309 3839 illis
327 3795 352 3840 4
371 3777 421 3857 Y:
443 3800 490 3856 30,
507 3801 555 3854 40.

173 3865 208 3919 18
250 3863 441 3919 nto-Tne
455 3861 565 3936 texto]
580 3865 610 3920 P.
629 3881 667 3936 74
681 3864 802 3921 between
818 3864 876 3920 tbis
897 3865 954 3921 Iine
975 3866 1039 3921 aud
1058 3866 1159 3923 FERm
1181 3866 1287 3925 SEXTA
1309 3884 1343 3925 111

293 3945 469 4014 PARASCUF,
488 3945 519 4001 P.
540 3946 603 4014 162,
620 3945 646 4001 is
656 3945 741 4018 given
756 3947 916 4020 separately
929 3946 961 4002 in
976 3966 1020 4003 ra.

171 4042 206 4096 19
249 4025 299 4081 Ps.
320 4051 344 4070 =
363 4024 557 4099 AntipIeona:
577 4027 627 4082 α11.

169 4123 207 4175 24
250 4105 423 4179 Antiphane
439 4132 464 4151 =
480 4105 531 4162 Ps.
545 4127 555 4162 .·
575 4107 625 4162 aII.

168 4188 207 4242 26
249 4186 300 4243 Ps.
319 4213 343 4232 =
362 4187 554 4261 Antiphone:
574 4188 624 4243 all.

167 4286 206 4341 29
249 4267 289 4325 ff.
309 4294 334 4313 =
352 4268 545 4342 Antiphone:
564 4270 615 4326 all.

164 4366 204 4422 3²
249 4349 421 4423 Antiphone
439 4375 464 4395 =
483 4349 554 4405 I’s.:
574 4351 625 4405 all.
