3066 5092
98 375 174 436 ocu]
207 375 255 424 IN
272 376 563 425 TRANSLATIONE
578 377 838 427 sanotlsrln'l.
874 379 901 427 S.
918 377 1074 426 CALIXTI
1089 377 1222 426 PAPAE.
1259 384 1308 439 245

126 517 184 566 line.

221 585 357 658 Epistola
387 586 421 641 de
439 585 605 642 doctoribus.
658 584 816 643 Testificor
835 603 935 644 coram
957 585 1015 644 deo
1098 584 1162 644 iesu
1185 584 1230 661 (÷
1258 584 1308 643 uel

268 666 345 723 Ecce
360 666 498 724 sacerdos
514 684 656 741 magnus:
680 664 766 741 581,),
784 666 848 742 581,
867 667 940 741 5811

223 747 368 819 Epistola.
411 745 570 805 Testificor
578 764 678 804 coram
689 747 755 805 deo.
798 745 1218 822 deuaocansessorepontrfice:
1239 746 1305 818 601,

265 830 312 884 61.

222 909 317 964 Lectio
343 909 456 983 epistole
482 908 560 965 beati
584 909 676 984 pauli
700 909 824 983 apostoli
848 910 891 965 ad
911 908 1099 966 Timotheum.
1144 908 1185 966 11.
1201 918 1260 983 cap.
1277 928 1305 979 4.

265 988 447 1047 Charissime
462 988 620 1047 Testificor
686 990 852 1048 aduentum
868 989 960 1048 eius.:
982 991 1052 1049 608.

226 1070 386 1129 Graduale.
429 1070 473 1129 Os
501 1069 569 1128 iusti
597 1070 790 1129 meditabitur
808 1082 883 1129 etc:
904 1089 953 1146 43,
971 1071 1035 1147 581,
1053 1071 1126 1148 581,,
1154 1070 1219 1140 601,
1236 1069 1305 1141 608,

264 1153 310 1208 61.

223 1233 430 1304 Euangelaiem.
474 1233 537 1290 Vos
558 1233 629 1290 estis
648 1233 690 1290 sal
705 1244 787 1290 terre.
831 1231 883 1308 (In
903 1230 965 1308 (De
980 1256 990 1291 .·
1011 1233 1076 1304 601,
1093 1231 1145 1309 61)
1166 1232 1312 1289 communi

261 1312 458 1386 eernfessoram.
473 1336 483 1371 .·
503 1310 556 1387 43)
573 1335 579 1370 ε
601 1332 648 1387 43,
667 1314 731 1388 581,
750 1315 823 1389 581,,
841 1314 905 1384 601,
923 1315 975 1372 61.

224 1394 378 1468 Sequentia
397 1395 810 1468 sanctieuangelri'secandam
824 1394 1000 1452 Mattheam.
1047 1394 1118 1469 Cap.
1137 1411 1162 1469 5.
1207 1394 1243 1451 In
1259 1393 1310 1453 illo

280 1520 301 1533 ..
319 1477 382 1533 Vos
396 1476 465 1533 estis
534 1494 624 1551 regno
638 1477 769 1534 celorum
787 1497 793 1532 :
815 1476 884 1534 608.

227 1555 422 1629 Offlrtomiem.
467 1557 565 1614 Iustus
580 1566 612 1614 ut
627 1558 725 1632 palma
739 1568 816 1614 etc:
838 1576 885 1630 43,
903 1556 967 1632 581,
984 1556 1050 1626 601,
1066 1555 1136 1626 608,
1153 1558 1200 1613 61.

225 1638 345 1695 secreta.
389 1637 487 1695 Sancti
503 1637 651 1714 augustini
666 1638 800 1695 solennia
814 1656 870 1695 nos
882 1655 1045 1712 quesumus
1060 1637 1184 1695 domine
1198 1636 1311 1713 ubique

268 1719 408 1776 letificent
437 1730 468 1776 ut
499 1719 571 1776 dum
603 1718 665 1777 eius
697 1717 917 1777 translationem
950 1728 978 1776 et
1007 1717 1109 1776 merita
1154 1718 1311 1776 recolimus

266 1799 429 1874 patrocinia
453 1799 623 1858 sentiamus.
668 1801 750 1858 Per.:
773 1817 820 1875 05,
837 1819 884 1875 09,
901 1819 949 1874 43,
966 1799 1031 1874 581,
1056 1800 1130 1874 581,,
1151 1798 1216 1870 601,
1241 1800 1311 1870 608,

266 1883 312 1937 61.
380 1917 384 1926 ·

226 1961 367 2034 Propone.
411 1961 521 2020 Eteme
535 1962 617 2020 deus.
662 1960 740 2035 Quin
751 1980 802 2020 vas
817 1960 969 2020 electionis
985 1973 1035 2019 tue
1044 1971 1073 2019 et
1085 1962 1135 2018 lux
1144 1961 1311 2019 doctomm.

266 2043 393 2116 chreire
402 2043 434 2099 in
445 2044 502 2099 loco
511 2042 717 2117 prefationem.
732 2065 742 2100 .·
763 2060 810 2117 05.

154 2148 157 2155 ·
229 2123 406 2181 Communia.
450 2123 559 2182 Fidelis
581 2142 682 2181 seruus
704 2136 733 2182 et
754 2124 884 2198 prudens
898 2134 973 2181 etc:
994 2142 1042 2196 43,
1061 2123 1125 2198 581,
1150 2122 1223 2197 581,
1247 2123 1312 2194 601,

268 2205 336 2274 608,
353 2206 400 2261 61.

225 2286 462 2343 Postcommunia.
507 2285 679 2358 Quesumus
714 2284 903 2360 omnipotens
941 2284 1015 2343 deus
1049 2295 1081 2342 ut
1116 2283 1166 2360 qui
1195 2283 1315 2342 celestia

266 2366 407 2424 alimenta
422 2366 608 2442 percepimus
630 2366 832 2425 intercedente
853 2365 942 2424 beato
965 2365 1123 2441 augustino
1144 2365 1314 2423 consessore

271 2460 322 2506 tuo
344 2459 434 2523 atque
456 2447 598 2523 pontifice
607 2447 690 2505 cuius
705 2445 926 2505 translationem
942 2445 1067 2504 colimus
1080 2465 1131 2521 per
1145 2447 1201 2504 hec
1212 2457 1316 2504 contra

269 2528 370 2585 omnia
398 2529 522 2587 aduersa
537 2527 713 2587 muniamur.
759 2528 841 2586 Per:
864 2545 911 2603 05,
927 2546 975 2602 09,
991 2547 1039 2602 43,
1057 2527 1121 2602 581,
1149 2528 1222 2603 581,
1248 2527 1313 2599 601,

269 2610 337 2678 608,
355 2611 402 2666 61.

229 2685 440 2769 [Addr'ttonal]
483 2691 628 2765 Epistola.
672 2692 752 2748 Ecce
767 2689 904 2748 sacerdos
917 2707 1061 2765 magnus:
1081 2689 1132 2763 qui
1147 2688 1177 2745 in
1192 2688 1251 2746 vita
1261 2707 1315 2747 sua

269 2771 402 2829 suffulsit.
446 2772 573 2845 Reqreire
581 2773 613 2828 in
619 2770 697 2845 sesto
707 2772 775 2828 eries.
817 2770 1015 2843 Euangelriem
1029 2771 1316 2843 qaodindactan'lms

268 2853 376 2909 dicitnr
396 2853 504 2911 scilicet.
549 2854 612 2909 Vos
636 2851 705 2909 estis
731 2852 772 2910 sal
788 2863 872 2909 terre.
916 2851 1043 2925 Require
1056 2853 1088 2907 in
1115 2850 1313 2925 consessorum.

269 2934 394 3007 Reliqua
408 2935 505 2990 omma
519 2935 657 2990 demantur
662 2941 758 3008 prout
768 2933 800 2990 in
806 2931 884 3006 sesto
897 2933 1017 3009 ipsias:
1039 2948 1086 3006 05.

229 3014 431 3089 Suprascrr'pte
464 3032 531 3071 vera
571 3015 715 3071 orationes
747 3015 835 3070 ettam
870 3014 901 3069 in
929 3015 1050 3070 secanda
1077 3013 1139 3069 eius
1178 3014 1318 3070 dieantur

271 3096 464 3152 translatione
498 3113 551 3168 qne
579 3097 624 3152 die
658 3096 758 3151 ultime
778 3093 932 3168 sebmearii
959 3093 1124 3151 celebratur.
1168 3095 1312 3168 Epistola.

269 3176 427 3234 Testiiicor
457 3194 557 3233 coram
593 3177 658 3245 deo,
684 3195 737 3249 que
770 3177 877 3232 di'ei'tur
896 3176 927 3232 in
962 3175 1129 3232 doctoribus.
1176 3174 1270 3248 Quare
1283 3177 1316 3234 in

268 3259 414 3314 eommnm'
452 3258 539 3314 uariis
565 3256 729 3330 confessam}
750 3257 902 3330 ponticis.
946 3255 1145 3329 Euangelium
1181 3259 1260 3330 quod
1283 3258 1315 3314 in

270 3339 429 3396 doctoribus
442 3339 658 3396 dia'trerscilieet
667 3361 676 3395 .·
699 3339 764 3396 Uos
779 3337 848 3394 estis
857 3338 899 3394 sal
914 3348 996 3395 terre.
1044 3337 1137 3412 Quem
1151 3337 1202 3394 ubi
1212 3347 1314 3412 supra.

272 3420 396 3492 Reliqua
410 3420 508 3475 omnia
522 3420 660 3476 ditamur
667 3427 760 3493 proni
771 3417 889 3494 infesto
902 3419 1000 3493 ipsius.
1015 3440 1024 3475 :
1045 3436 1092 3491 09.

151 3517 187 3574 35
233 3499 370 3571 (111014).
424 3533 444 3540 -
468 3501 527 3558 ln:
549 3520 595 3574 3ο,
612 3520 660 3571 40,
678 3501 741 3575 581,
759 3500 824 3571 601,
841 3502 888 3557 61.

149 3583 187 3655 36
230 3582 406 3638 latroi'tas:
418 3581 580 3655 Offeramus
602 3601 648 3656 30,
664 3601 712 3652 40.

617 3777 717 3856 Page
733 3791 803 3855 391.

169 3923 188 4039 d
241 3920 436 4057 ilgpsi'stoiei.
480 3981 571 4042 Dedit
588 3982 728 4040 dominus
743 3979 971 4039 consessionem.
1015 3980 1054 4036 la
1075 3979 1219 4035 cotnmuni
1231 3977 1320 4034 anius

272 4064 438 4137 eiiafessorr's
450 4087 459 4121 .·
479 4083 518 4136 43

288 4146 424 4219 Epistola
439 4153 467 4201 et
479 4145 683 4219 Evangelinm.
726 4146 760 4201 de
771 4162 828 4200 uteo
842 4149 969 4216 martyre
976 4141 1117 4217 pontifice.
1128 4164 1139 4198 .·
1161 4139 1225 4217 581,
1244 4140 1317 4215 581,

155 4325 190 4362 10
233 4228 404 4367 All6riidia6is⁸
427 4306 583 4364 Alleluia:
610 4309 653 4375 16,
671 4306 736 4382 581.

156 4406 187 4443 11
234 4407 302 4445 011111
326 4402 350 4449 ÷
373 4387 527 4445 Alleluia:
553 4390 596 4458 16,
614 4388 678 4463 581.
