3066 5092
411 393 632 443 DOMINICAE
658 394 756 444 POST
779 394 977 445 PENTECOS
980 396 1005 444 T
1001 395 1062 445 EN.
1298 393 1342 443 161

255 605 409 680 Sequentia
422 606 517 664 sancti
527 606 673 681 euangelii
683 608 835 664 scamnum
849 608 1045 666 Matthaeum.

255 687 292 745 In
307 685 357 745 illo
372 697 432 745 tem
475 705 525 746 re:
550 687 629 747 Cum
644 687 847 746 descendisset
862 689 947 747 Iesus
962 700 1017 747 etc.
1062 685 1126 769 [See
1140 690 1233 760 abac,
1249 689 1306 747 vol.
1323 686 1342 746 i.

335 787 364 843 p.
381 784 427 842 37.
484 769 532 826 Et
542 768 651 826 dicitur
663 768 771 828 Cred0.

257 846 453 922 Offerton'um.
498 850 545 908 De
559 849 714 925 profundis
728 849 855 908 clamaui
868 861 923 909 etc.

254 929 375 989 &creta
420 930 506 988 Haec
520 930 625 1002 hostia,
642 949 812 1006 quesumus,
829 941 883 989 etc.

335 1010 451 1069 Exaudi
465 1029 521 1069 nos
536 1012 610 1070 deus
623 1011 765 1070 salutaris.

258 1091 436 1150 Communia.
479 1094 577 1151 Arnen
593 1091 661 1151 dico
676 1092 761 1151 vobis
775 1103 830 1151 etc.

255 1172 491 1231 Postcommunio.
536 1173 622 1248 Quos
636 1173 732 1246 tantis,
751 1172 882 1232 Domine
895 1183 952 1232 etc.

337 1254 466 1313 Mundet
480 1264 510 1313 et
532 1253 653 1313 muniat.

568 1373 734 1430 Donrnrcn
757 1372 904 1446 Quaeri.

253 1482 327 1537 quoe
340 1463 485 1539 superfluit
489 1472 560 1540 post
570 1466 784 1540 Epiphaneam.

254 1545 408 1603 Introitus.
453 1544 534 1603 Dicit
549 1545 708 1618 Dominus,
729 1558 784 1604 etc.

250 1635 296 1700 ps.
341 1625 522 1685 Benedixisti
538 1627 669 1685 Domine
683 1638 738 1686 etc.

257 1706 370 1766 Oratio.
416 1709 506 1779 Deus,
523 1707 643 1783 quinos
658 1708 688 1765 in
703 1707 791 1766 tantis
810 1718 865 1767 etc.

338 1789 366 1845 A
380 1787 495 1847 cunctis
509 1807 573 1859 nos,
590 1796 625 1845 ut
635 1789 668 1845 in
675 1790 778 1863 pn'mo
792 1789 949 1847 Dominico
957 1799 1028 1865 post
1041 1791 1231 1849 Pentecosten.

254 1868 350 1926 lectio
362 1869 496 1943 epistolae
509 1870 587 1926 beati
597 1870 692 1927 Pauli
703 1870 826 1944 apostoli
837 1872 880 1927 od
889 1872 1046 1929 Romanos.

337 1950 470 2008 Fratres:
486 1950 608 2009 Nemini
622 1950 781 2026 quicquam
797 1951 946 2011 debeatis:
967 1963 1022 2010 etc.

257 2030 418 2089 Graduale.
463 2030 607 2090 Liberasti
625 2050 680 2090 nos
697 2031 827 2090 Domine
842 2043 896 2091 etc.

338 2111 473 2184 Alleluia,
490 2112 625 2170 Alleluia.
668 2114 707 2172 tl.
733 2114 779 2171 De
793 2113 948 2190 profundis
962 2114 1087 2173 clamaui
1107 2126 1164 2174 etc.
1256 2130 1259 2135 ·

256 2191 412 2265 Sequentia
439 2194 703 2353 saucti']ercongelii
727 2197 879 2252 secundum
907 2196 1105 2254 Matthaeum.
1164 2191 1227 2275 [See
1255 2196 1348 2269 above,

339 2272 537 2350 msspw

338 2354 374 2412 In
389 2353 439 2411 illo
453 2363 606 2430 tempore:
628 2356 819 2415 Ascendente
834 2357 904 2415 Iesu
918 2367 973 2415 etc.
1016 2359 1064 2416 Et
1075 2359 1185 2415 dicitur
1199 2358 1306 2417 Credo.

259 2433 456 2508 Offerton'um.
501 2437 548 2494 De
561 2436 716 2512 profundis
730 2437 856 2496 clamaui
871 2448 926 2496 etc.

256 2515 376 2574 Secreta.
420 2516 570 2588 Concede,
587 2536 758 2593 quesumus,
774 2518 963 2595 omnipotens
983 2529 1038 2578 etc.

339 2596 454 2655 Exaudi
468 2615 524 2656 nos
540 2599 622 2656 Deus
637 2598 778 2657 salutaris.

257 2676 435 2736 Communia.
477 2680 575 2736 Amen
591 2678 660 2738 dico
674 2679 769 2751 vobis,
784 2690 838 2738 etc.

255 2758 490 2816 postcommunio.
536 2761 662 2819 Munera
677 2772 727 2819 tua
741 2779 807 2833 n05‚
821 2772 876 2819 etc.

338 2839 466 2898 Mundet
480 2851 510 2899 et
524 2841 646 2899 muniat.

576 2960 742 3017 Donrnrcn
765 2959 907 3034 Qumrn.

255 3068 329 3123 quac
341 3051 486 3125 srqfecjuit
491 3060 562 3126 post
573 3052 786 3127 Epiphaneam.

255 3130 408 3189 Introitus.
453 3131 533 3191 Dicit
550 3133 707 3205 Dominus,
728 3146 784 3192 etc.

248 3221 296 3285 ps.
339 3212 520 3271 Benedixisti
537 3214 668 3272 Domine
682 3225 737 3273 etc.

259 3291 370 3350 Oratio.
415 3293 568 3353 Familiam
583 3306 673 3366 tuam,
690 3314 861 3371 quesumus
878 3307 932 3354 ete.

338 3376 366 3432 A
380 3375 495 3433 eunctis
510 3394 573 3447 nos
590 3384 625 3432 ut
636 3376 668 3433 in
675 3378 779 3451 prima
797 3378 955 3435 Dominica
962 3386 1033 3453 post
1048 3379 1236 3437 Pentecosten.

256 3454 350 3512 lectio
363 3456 496 3530 epistolae
508 3457 586 3514 beati
597 3457 692 3514 Pauli
702 3458 826 3532 apostoli
837 3460 879 3515 ad
893 3458 1074 3518 Colossenses.

338 3537 470 3594 Fratres:
486 3538 605 3595 induite
620 3556 682 3608 νος,
698 3550 752 3597 etc.

261 3615 421 3674 Graduale.
466 3617 610 3676 Liberasti
624 3637 679 3677 nos
696 3620 826 3678 Domine
840 3631 896 3678 etc.

338 3696 474 3771 Alleluia,
489 3699 624 3757 Alleluia.
667 3701 705 3759 ,ἱῖ
731 3703 778 3759 De
792 3701 945 3776 profundis
962 3712 1017 3759 etc.

256 3776 409 3852 Sequentia
437 3780 699 3939 saucti]euangelii
724 3784 875 3839 secundum
906 3784 1104 3842 Matthocum.
1160 3781 1224 3864 [Sec
1251 3786 1345 3859 above,

337 3860 394 3917 vol.
412 3859 428 3917 i.
445 3879 473 3936 p.
489 3880 537 3932 41.

258 3938 293 3996 In
309 3938 359 3999 illo
374 3953 507 4017 tempore
520 3963 526 3999 :
549 3941 630 4000 Dixit
654 3943 737 4001 Iesus
752 3943 903 4020 discipulis
918 3955 973 4003 etc.
1016 3946 1063 4003 Et
1074 3947 1184 4003 dicitur
1197 3947 1305 4007 Credo.

259 4019 454 4094 Offlrtom'unr.
500 4024 546 4081 De
560 4024 714 4099 profundis
728 4025 855 4083 clamaui
870 4038 924 4084 etc.

258 4100 377 4159 &creta
422 4103 546 4162 Hostias
560 4104 625 4177 tibi,
641 4105 778 4177 Domine,
795 4118 849 4165 etc.

339 4183 454 4242 Exaudi
469 4203 524 4243 nos
541 4186 623 4244 Deus
639 4187 779 4245 salutaris.

259 4262 437 4323 Commum'o.
479 4267 577 4324 Amen
592 4266 661 4325 dico
675 4267 769 4341 vobis,
784 4278 839 4326 etc.

257 4344 493 4403 postcommunio.
539 4347 736 4420 Quaesumus
753 4349 942 4427 omnipotens
958 4351 1048 4422 Deus,
1065 4361 1097 4409 ut
1111 4362 1166 4410 etc.

343 4427 471 4486 Mundet
485 4438 514 4486 et
535 4428 657 4487 muniat.

260 4522 373 4566 nonan
392 4525 425 4566 11.
