3066 5092
223 387 272 438 ³14
661 377 984 427 aruanrcrronns

263 525 302 593 p.
327 524 387 598 Qui
402 525 470 583 fecit
485 525 582 583 celum
597 534 626 583 et
640 534 755 584 terram.

262 606 301 663 dl.
328 606 475 664 Dominus
490 605 653 664 vobiscum.

255 687 302 755 R.
327 687 365 743 Et
380 706 448 744 cum
463 686 566 762 spiritu
581 696 641 745 tuo.
685 687 821 746 Oremus.

264 767 381 825 Exaudi
406 769 529 826 domine
549 786 651 843 preces
673 780 795 839 nostras,
819 780 848 826 et
870 768 926 826 hec
953 767 1125 826 linteamina
1146 768 1219 826 sacri
1247 767 1345 826 altaris
1367 768 1433 826 vsui

221 859 398 923 preparata:
432 848 646 913 beneffldicere
683 860 712 907 et
741 848 965 913 sanctifflficare
997 848 1133 926 digneris.
1190 850 1247 907 Per
1276 849 1431 906 christum.

757 928 894 989 Oremus

264 1009 394 1068 Domine
409 1010 482 1069 deus
497 1010 695 1085 omnipotens,
712 1011 762 1086 qui
778 1021 951 1069 ornamenta
969 1021 998 1069 et
1012 1009 1183 1069 linteamina
1194 1011 1291 1068 facere
1308 1029 1432 1086 moysen

222 1091 365 1148 famulum
390 1103 474 1149 tuum
489 1110 542 1167 per
555 1091 750 1166 quadraginta
770 1092 834 1150 dies
858 1092 1006 1150 docuisti:
1026 1111 1084 1168 que
1106 1091 1194 1150 etiam
1218 1091 1308 1149 maria
1329 1092 1432 1163 texuit,

222 1184 251 1229 et
266 1171 335 1230 lecit
346 1171 374 1228 in
388 1191 472 1229 vsum
486 1171 636 1231 ministerii
649 1172 830 1230 tabernaculi
842 1173 956 1243 federis,
970 1172 1098 1237 sancti-1<
1107 1174 1201 1243 ficare,
1215 1173 1432 1237 beneffidicere

221 1264 251 1311 et
272 1263 484 1317 consefficrare
505 1253 633 1329 digneris
651 1254 706 1312 hec
721 1253 899 1324 linteamina,
916 1255 954 1312 ad
969 1255 1137 1330 tegendum,
1154 1253 1432 1330 inuoluendumque

220 1335 312 1392 altare
325 1333 498 1410 gloriossimi
514 1335 565 1392 filii
581 1334 622 1392 tui
637 1333 752 1393 domini
767 1334 858 1392 nostri
875 1336 943 1392 Iesu
959 1334 1078 1394 Christi.
1123 1335 1183 1408 Qui
1198 1345 1298 1392 tecum
1313 1335 1386 1393 tiuit
1401 1347 1431 1392 et

221 1426 322 1491 regnat
350 1415 380 1472 in
409 1415 519 1474 unitate
547 1414 761 1491 spiritussancti
789 1416 881 1473 deus:
914 1434 966 1491 per
994 1415 1095 1473 omnia
1124 1416 1223 1474 secula
1252 1417 1429 1474 seculorum.

220 1497 327 1553 Amen.

261 1577 378 1634 Deinde
392 1579 521 1652 aspergit
531 1597 564 1634 ea
579 1597 657 1652 aqua
668 1578 819 1635 benedetto.

583 1703 685 1787 [From
704 1725 748 1784 15.
792 1709 848 1767 See
862 1709 926 1767 also
942 1728 990 1783 30,
1006 1703 1069 1786 40.]

693 1815 855 1872 Benedictio
861 1815 961 1890 panii.

262 1894 443 1952 Benedicite.
486 1896 693 1970 Respondetur.
739 1895 895 1954 Dominus.
939 1897 1075 1954 Oremus.

265 1975 377 2035 Oratio.
422 1976 594 2040 Beneffldic
622 1975 744 2034 domine
765 1976 851 2034 istam
874 1989 1037 2034 creaturam
1059 1974 1162 2052 panis:
1192 1975 1268 2034 sicut
1290 1976 1432 2035 benedix-

222 2055 268 2113 isti
293 2056 425 2132 quinque
453 2076 545 2132 panes
573 2057 602 2114 in
631 2058 767 2116 deserto:
795 2070 826 2115 vt
847 2076 952 2115 omnes
973 2068 1125 2132 gustantes
1147 2076 1183 2115 ex
1204 2076 1258 2115 eo:
1287 2057 1431 2133 recipiant

221 2147 281 2194 tam
310 2137 441 2212 corporis
463 2156 553 2212 quam
578 2138 678 2196 anime
699 2138 865 2196 sanitatem.
919 2139 955 2196 In
979 2138 1100 2196 nomine
1121 2138 1231 2214 patris:
1254 2147 1283 2196 et
1304 2138 1376 2196 filii:
1401 2151 1433 2197 et

220 2217 338 2293 spiritus
353 2219 454 2276 sancti.
496 2220 604 2277 Amen.

342 2301 580 2374 Amergaturque
594 2319 672 2374 aqua
686 2300 834 2357 benedicta.

736 2426 838 2509 [From
857 2426 916 2510 15]

342 2538 391 2594 De
404 2537 465 2594 nita
480 2537 610 2593 hnmana
625 2537 691 2594 bene
703 2537 889 2594 instituenda.

264 2619 355 2675 Mane
370 2618 428 2676 deo
442 2618 550 2674 vitam:
573 2618 765 2675 commendet
780 2618 822 2675 vir
837 2618 934 2676 bonus
949 2636 1079 2676 omnem.

263 2698 398 2756 Predicet
412 2710 440 2756 et
456 2699 576 2757 laudes:
598 2711 694 2774 grates
709 2699 818 2774 vbique
832 2700 899 2757 deo.

263 2780 361 2837 Nocte
377 2798 491 2836 memor
505 2781 591 2855 culpe
605 2802 610 2837 :
633 2782 825 2855 relegensque
839 2792 934 2838 errata
948 2780 1062 2838 diurna.

262 2861 415 2918 Peniteat:
438 2861 554 2918 veniam
569 2862 699 2936 postulet
714 2861 784 2919 inde
798 2861 895 2918 cubet.

619 2988 721 3070 [From
738 3012 785 3067 30.
829 2995 884 3050 See
898 2995 961 3051 also
977 2989 1039 3071 40.]

342 3099 391 3154 De
403 3098 510 3155 virtute
524 3117 596 3171 uque
609 3099 751 3156 benedicte.
767 3099 807 3157 V.

261 3179 317 3236 Sex
333 3191 469 3253 operatur
483 3198 560 3252 aqua
575 3198 626 3254 per
639 3179 842 3254 presbyterum
858 3179 1023 3237 benedicta.

261 3260 322 3318 Cor
337 3261 468 3331 mundat,
485 3261 565 3335 fugat
579 3259 732 3331 accidiam,
749 3260 873 3317 venialia
889 3261 971 3318 tollit.

262 3342 358 3416 Auget
374 3360 469 3416 opem,
487 3352 679 3417 remouctque
695 3342 818 3412 hostem,
835 3342 1042 3417 phantasmata
1056 3341 1146 3416 pellit.
