3066 5092
157 367 247 427 sm]
537 366 564 412 S.
597 365 650 412 MA
658 365 675 412 J
678 365 709 412 'T
704 364 779 412 HE!
802 365 897 413 APOS
900 366 925 412 T
923 364 991 413 OLI.
1321 376 1370 428 239

187 497 244 546 line.

321 565 361 623 V.
405 563 523 623 Christo
538 562 672 620 confixus
686 579 753 620 sum
767 562 847 621 cruci
861 561 930 621 viuo
945 581 1001 639 ego
1015 562 1073 621 iam
1090 582 1150 622 non
1172 581 1228 640 ego
1250 563 1323 621 uiuit
1337 562 1367 621 in

323 663 370 702 me
385 644 461 702 iesus
476 645 602 703 christus
616 642 661 719 (÷
681 643 827 701 Alleluia:
853 645 896 714 16,
914 644 992 719 581).

280 727 488 800 Euangelium.
532 724 593 798 Qui
615 723 747 800 (Siquisz
774 727 817 794 16,
835 743 881 799 30,
897 745 944 796 40,
961 745 1009 801 43,
1027 726 1091 800 581,
1118 727 1191 800 581,
1208 726 1273 796 601,
1297 726 1366 796 605,

324 805 376 879 61)
391 808 453 864 vult
467 805 568 865 uenire
582 817 650 880 post
665 824 722 863 me.
765 805 893 879 Require
907 807 938 862 in
952 806 1197 863 communiamus
1218 808 1366 880 maroccis.

286 886 481 961 Offerton'una.
526 885 714 944 Desiderium
749 886 848 944 anime
883 886 945 944 eius
980 886 1106 945 tribuisti
1135 886 1161 944 ei
1190 887 1312 946 domine
1340 898 1369 946 et

323 970 474 1026 voluntate
496 967 631 1026 laborum
656 967 719 1025 eius
742 984 803 1024 non
826 966 965 1025 fraudasti
990 987 1057 1026 eum
1080 967 1203 1043 posuisti
1227 968 1257 1026 in
1272 968 1369 1043 capite

324 1049 387 1106 eius
401 1067 543 1108 coronam
558 1049 597 1106 de
611 1047 709 1123 lapide
723 1047 866 1124 precioso.

285 1131 404 1188 Secreta.
448 1128 536 1188 Adsit
555 1128 641 1186 nobis
661 1147 823 1203 quesumus
845 1128 968 1187 domine
990 1128 1052 1187 iesu
1075 1128 1184 1188 christe
1207 1129 1366 1191 beatissimi

324 1211 414 1287 patris
429 1209 520 1268 nostri
535 1209 669 1267 francisci
683 1209 732 1284 pia
747 1209 865 1267 humilis
880 1221 910 1267 et
924 1211 1035 1269 deuota
1050 1210 1226 1285 supplicatio
1240 1211 1269 1269 in
1285 1211 1368 1269 cuius

324 1310 412 1349 carne
427 1292 610 1367 prerogatiua
621 1289 747 1348 mirabili
756 1290 902 1365 passionis
914 1301 963 1349 tue
973 1310 1054 1349 sacra
1069 1291 1205 1366 stigmata
1219 1293 1367 1351 renouasti

324 1384 353 1430 et
387 1383 485 1448 presta
513 1383 544 1429 ut
572 1370 678 1429 virtute
700 1371 844 1446 presentis
866 1370 1026 1430 oblationis
1051 1382 1101 1430 tue
1124 1372 1269 1448 passionis
1291 1374 1369 1432 circa

325 1472 379 1511 nos
395 1453 539 1511 beneficia
554 1452 658 1525 iugiter
672 1451 841 1510 sentiamus.
885 1452 955 1526 Qui.

288 1534 467 1592 Communia.
511 1533 571 1608 Qui
596 1534 658 1591 vult
680 1532 782 1590 uenire
804 1543 872 1608 post
896 1552 944 1591 me
967 1533 1095 1610 abneget
1117 1534 1309 1610 semetipsum
1339 1546 1369 1594 et

326 1617 409 1673 tollat
424 1633 542 1673 crucem
557 1633 640 1672 suam
656 1625 685 1671 et
700 1625 839 1690 sequatur
853 1633 908 1672 me.

284 1696 521 1754 postcommunio.
564 1695 763 1770 Omnipotens
798 1694 976 1770 sempiterne
1010 1694 1084 1753 deus
1119 1695 1169 1771 qui
1195 1696 1370 1772 frigescente

327 1778 440 1835 mundo
462 1777 501 1835 ad
525 1775 769 1834 inflammandum
795 1776 885 1834 corda
913 1787 1013 1834 nostra
1041 1776 1071 1833 iu
1099 1795 1188 1835 carne
1209 1777 1368 1835 beatissimi

325 1858 414 1935 patris
440 1856 531 1915 nostri
556 1856 692 1915 francisci
717 1856 862 1932 passionis
885 1867 934 1915 tue
957 1875 1038 1915 sacra
1062 1856 1197 1933 stigmata
1220 1860 1368 1917 renouasti

325 1939 458 1997 concede
480 1938 623 2014 propitius
646 1949 678 1996 ut
701 1937 763 1995 eius
788 1937 898 1995 meritis
923 1948 952 1996 et
974 1936 1111 2014 precibus
1136 1938 1242 2015 dignos
1257 1941 1368 1998 fructus

327 2019 488 2095 penitentie
502 2019 652 2078 faciamus.
696 2018 756 2093 Qui
772 2018 856 2076 uiuis

225 2121 242 2175 9
285 2099 347 2175 (die
364 2100 414 2174 20)
434 2115 458 2161 ÷
476 2102 530 2158 Aa
541 2101 658 2157 missam
669 2122 678 2156 :
700 2119 746 2174 30,
763 2120 810 2171 4ο.

207 2201 241 2238 10
283 2183 429 2239 Introitus
447 2210 471 2228 =
483 2181 634 2256 Officciem:
655 2200 702 2256 3ο,
718 2200 766 2252 40.

209 2281 243 2337 13
287 2262 315 2320 in
331 2273 494 2338 conspectu
511 2290 535 2309 =
551 2273 621 2320 ante
635 2271 848 2337 conspectum:
871 2264 918 2337 85,
935 2281 982 2336 93,
999 2267 1046 2337 05,
1063 2263 1110 2333 08,
1127 2282 1174 2337 09,
1195 2266 1238 2334 16,
1256 2282 1303 2338 30,
1319 2284 1366 2336 40,

325 2343 458 2415 4,605.

205 2444 243 2480 20
284 2363 403 2498 epesiola
421 2453 445 2471 =
464 2423 558 2481 Lectio
572 2423 644 2481 libri
654 2423 793 2499 sapientie
804 2446 813 2480 .·
839 2425 882 2492 16,
900 2424 968 2481 sos.

205 2524 239 2561 21
285 2505 466 2581 Sapientiam
483 2518 507 2566 ÷
524 2515 553 2563 et
568 2504 619 2580 qui
688 2522 752 2562 rore
765 2513 980 2562 concrescunt:
1006 2505 1049 2574 16,
1067 2505 1135 2562 608.

204 2587 242 2642 26
284 2587 405 2662 Prefix:
427 2587 580 2660 Sequentia
594 2586 689 2643 sancti
699 2585 862 2660 euangelii:
884 2603 931 2659 43,
948 2585 1017 2642 608.

202 2687 241 2737 40
283 2667 386 2725 Read:
408 2666 572 2742 Apostolici
597 2667 759 2724 reuerentia
782 2665 919 2724 culminis
944 2665 1100 2724 offerentes
1125 2684 1207 2724 sacra
1232 2667 1369 2742 mysteria

325 2758 422 2824 presta
436 2760 491 2806 etc.
507 2770 513 2804 ε
535 2765 582 2822 05.

669 2952 770 3032 Page
790 2951 860 3030 384.

228 3098 238 3135 t
284 3077 413 3153 preimus
432 3105 456 3123 =
473 3076 681 3153 preuenimus:
703 3079 753 3133 all.

285 3161 346 3216 For
359 3159 417 3216 thc's
432 3159 518 3215 Mass
532 3167 566 3214 a's
576 3159 661 3232 given
675 3159 707 3214 in
722 3158 768 3214 the
781 3165 844 3213 text
855 3156 928 3213 read
935 3179 944 3214 :
964 3157 1004 3214 In
1018 3158 1120 3232 aegilia
1134 3159 1229 3215 saneti
1240 3160 1372 3216 Matthei

326 3241 450 3314 apostoli
481 3248 509 3296 et
534 3239 712 3312 euangelista
756 3238 855 3295 Missa
889 3238 1005 3294 decante
1036 3239 1071 3295 de
1103 3240 1248 3296 communi
1281 3242 1369 3297 uncins

325 3321 455 3395 apostoli.
501 3321 566 3394 Ego
579 3328 678 3377 autem
700 3317 776 3377 sicut
798 3318 876 3375 oliua
891 3327 992 3393 preter
1011 3320 1159 3394 epistolam
1180 3339 1233 3393 que
1252 3322 1365 3378 dccc‘tur.

327 3403 436 3459 Beatus
465 3401 557 3457 homo
585 3400 636 3475 qui
664 3399 778 3458 inuenit
806 3398 989 3475 sapientiam.
1032 3401 1071 3458 In
1106 3403 1250 3458 communi
1281 3403 1369 3459 unius

327 3483 467 3554 martyris
474 3480 629 3556 pontefices.
672 3482 719 3538 Et
725 3491 845 3556 presens
856 3482 1036 3554 euangelium
1047 3481 1162 3541 din'tcer.

286 3563 439 3636 Sequentia
454 3563 549 3619 sancti
559 3562 704 3635 euangelii
714 3564 865 3618 sennodum
887 3561 1002 3619 Lucam.

287 3644 323 3700 In
338 3644 388 3701 illo
403 3655 544 3718 tempore.
589 3641 674 3701 Uidit
689 3642 766 3700 iesus
835 3642 874 3700 ad
895 3641 1106 3718 penitentiam:
1129 3644 1193 3718 581,
1211 3644 1283 3718 581,
1301 3645 1356 3701 601

326 3727 372 3780 61.

225 3825 243 3880 9
286 3805 348 3882 (die
372 3804 431 3879 21).
485 3837 505 3845 -
520 3805 613 3877 sesto:
635 3821 681 3880 05,
708 3824 756 3878 09,
782 3823 829 3879 43,
855 3804 923 3862 608.
977 3837 997 3844 -
1021 3805 1060 3861 In
1075 3803 1172 3878 festo:
1202 3806 1265 3880 581,
1294 3807 1366 3880 581,

326 3887 391 3955 601,
405 3888 452 3942 61.

207 3988 241 4042 19
283 3968 401 4044 epc'stola
419 3995 442 4013 =
460 3966 554 4023 Lectio
586 3966 744 4023 Ezechielis
780 3966 935 4040 prophete:
982 3967 1025 4034 16,
1062 3966 1130 4024 605.
1193 3976 1321 4041 quatuor
1336 3981 1360 4028 ÷

324 4048 495 4106 animalium
515 4046 765 4105 coruscantis:
806 4048 848 4117 16,
880 4046 947 4104 608.
1002 4047 1128 4120 Require
1144 4074 1168 4092 =
1184 4066 1289 4121 quere:
1320 4068 1366 4125 30,

324 4149 364 4201 40
383 4163 403 4170 -
422 4129 565 4202 Require:
586 4148 633 4202 43,
651 4128 715 4197 601,
732 4130 779 4184 61.

206 4231 242 4268 20
284 4212 420 4285 Epistola
435 4212 469 4266 de
481 4210 662 4282 euangelcstcs
674 4232 683 4266 :
706 4209 769 4283 581,
788 4208 860 4283 581„

207 4313 243 4362 24
286 4291 412 4349 Alleluia
431 4304 455 4350 ÷
472 4291 615 4348 Alleluia:
642 4292 685 4360 16,
704 4291 767 4364 581.

205 4394 218 4430 2
224 4393 239 4450 5
283 4373 406 4432 domine
424 4386 448 4432 ÷
466 4371 610 4429 Alleluia:
636 4373 681 4442 16,
698 4372 761 4445 581.
