3066 5092
469 383 517 432 IN
529 384 571 432 LI
573 383 701 432 TANIIS
716 383 936 434 MAIOA'IBU-S'.
1264 395 1309 445 127

121 532 182 581 line.

141 617 176 672 ¹7
221 599 324 655 Read:
345 615 445 655 nunc:
468 598 514 667 08,
531 616 578 672 09,
599 598 643 666 16,
661 615 707 670 30,
725 616 772 667 40.
871 615 952 654 non:
975 599 1021 668 81,
1045 598 1093 672 85,
1117 616 1164 672 93,
1188 614 1235 673 05,
1258 617 1306 672 43,

263 679 327 754 581,
344 679 418 755 581„
436 678 501 748 601,
518 678 586 747 608,
604 679 650 748 61,
669 678 699 734 P.
719 695 764 750 74.

140 780 179 831 ²4
224 759 317 817 Existi
339 773 363 820 ÷
386 759 509 822 Credo:
547 758 610 834 581,
650 759 723 833 58L,
761 758 826 815 601.
958 760 1006 815 Et
1037 759 1146 816 de'ee'tur
1185 759 1308 818 Credo:

135 941 175 997 3²
228 935 252 982 ÷
271 923 343 978 Alea
363 929 477 978 secreta.
523 921 590 977 Tua
611 918 733 978 domine
755 918 962 995 propitiatione
984 931 1038 978 etc.
1092 921 1167 978 Alia
1194 929 1306 978 secreta.

262 1001 378 1062 Oblatis
393 1019 556 1076 quesumus
571 999 693 1059 domine
707 1011 783 1058 etc:
806 1020 852 1075 43,
871 1001 935 1076 581,
953 1002 1026 1076 581,
1043 1002 1112 1072 608,
1129 1004 1176 1059 61.

292 1085 358 1141 Tua
393 1081 516 1141 domine
550 1089 579 1138 et
612 1080 748 1140 Oblatis:
785 1082 849 1157 581,
887 1082 951 1138 601.
1076 1083 1144 1140 Tua
1177 1081 1309 1140 domine.

263 1166 394 1241 Protege.
446 1163 498 1220 Vel
509 1161 645 1221 Oblatis:
668 1164 699 1219 P.
719 1180 763 1235 74.

138 1248 179 1320 38
231 1259 254 1305 ÷
273 1246 346 1302 Ale'a
354 1245 588 1319 postcommunio.
632 1242 765 1319 Sumptis
780 1242 902 1300 domine
924 1243 1025 1302 salutis
1047 1255 1102 1302 etc.
1147 1245 1222 1302 Alia
1230 1253 1309 1319 post-

261 1327 426 1383 communio.
471 1326 540 1382 Hec
555 1342 610 1382 nos
625 1343 788 1399 quesumus
803 1335 857 1382 etc.
874 1345 879 1380 :
902 1343 949 1398 43,
967 1325 1040 1400 581,
1058 1326 1126 1397 60S,
1143 1328 1190 1382 61.

276 1406 408 1483 Sumptis
429 1405 552 1465 domine
572 1413 602 1462 et
622 1406 691 1463 Hec
706 1422 779 1462 nos:
795 1407 860 1480 581,
874 1406 942 1463 608.
1030 1403 1162 1482 Sumptis
1176 1407 1307 1466 domine.

263 1489 463 1562 Quaesumus
515 1487 568 1543 Vel
579 1488 665 1545 Haec
681 1505 736 1544 nos
752 1486 963 1560 Quaesumus:
987 1489 1018 1544 P.
1038 1505 1083 1560 74.

607 1714 708 1793 Page
728 1727 799 1792 231.

159 1881 174 1919 2
227 1875 252 1922 ÷
270 1861 359 1918 Elin
374 1859 542 1916 minoribus.
584 1857 674 1915 Ferea
687 1859 809 1914 senenda
823 1858 1028 1932 Rogatianum.

397 1940 493 1998 Statio
507 1941 550 1997 ad
559 1947 690 1996 sanctam
703 1939 840 1996 Monam
856 1939 1001 1996 maiorem.

219 2022 308 2080 Fena
319 2023 414 2078 tertia.
456 2022 512 2078 Ao
518 2028 648 2078 sanctum
654 2019 802 2096 soannem
818 2020 850 2076 in
865 2021 1021 2077 laterano.

219 2104 307 2160 bena
321 2111 437 2176 quarta.
480 2102 535 2159 Aa
544 2109 675 2158 sanctum
689 2100 819 2158 Petrum.

221 2185 258 2242 Si
265 2185 297 2240 in
307 2185 429 2241 seneuda
438 2184 486 2240 vel
496 2183 583 2240 tertia
596 2182 687 2239 Fena
700 2182 897 2254 Rogatianum
912 2182 1168 2239 occurratbitstum
1177 2184 1306 2257 stimules,

252 2264 297 2339 fit
307 2267 341 2322 de
354 2266 416 2338 ipso
430 2272 544 2320 tantum
555 2262 782 2320 commemoratio
795 2263 827 2318 in
848 2263 955 2320 Missa.
1000 2263 1038 2320 Si
1048 2272 1180 2320 occurrat
1193 2264 1308 2321 Fastuni

261 2348 367 2420 duplex
389 2345 441 2402 Vel
449 2345 633 2419 semiduplex,
649 2343 748 2401 llte'ssa
762 2344 871 2400 dicitur
881 2345 915 2400 de
929 2344 1018 2414 Festo,
1034 2363 1096 2400 cum
1115 2363 1311 2402 contenemora-

262 2428 336 2483 tione
349 2426 553 2499 Rogatianum.
596 2426 635 2482 In
650 2425 785 2481 Ecclesiis
798 2432 893 2481 anetem
907 2425 1061 2499 collegatis
1080 2425 1219 2482 dannetur
1237 2429 1311 2482 dune

260 2508 380 2577 llle'ssae,
396 2508 472 2565 utin
486 2505 623 2564 Rubricis
631 2506 831 2579 generalibus:
854 2507 885 2562 P.
904 2523 949 2578 74.

160 2608 177 2665 5
221 2588 348 2646 Alleluia
367 2602 392 2648 ÷
411 2587 556 2645 Alleluia:
578 2588 629 2643 all.

159 2674 178 2728 8
221 2668 618 2743 leoceffitio=leathssa:
641 2668 672 2724 P.
691 2685 737 2740 74.

159 2772 178 2826 9
222 2751 362 2811 Cred0÷
383 2749 412 2806 in
428 2768 520 2807 unum
536 2749 645 2807 deum:
668 2750 715 2824 85,
733 2767 779 2822 93,
797 2749 844 2804 08.

220 2832 292 2889 lenes
306 2835 332 2901 8,
349 2851 368 2905 9
391 2859 415 2877 =
434 2829 535 2889 Gloria
557 2829 587 2886 in
609 2828 730 2886 excelsis
756 2848 812 2884 non
837 2829 946 2885 de'citur
965 2829 997 2885 in
1022 2829 1073 2886 hoc
1092 2829 1179 2903 offian
1192 2853 1200 2886 .·
1223 2850 1309 2903 neqen

262 2912 380 2970 Credo:
403 2929 449 2988 05,
467 2931 514 2985 09.

141 3013 178 3069 13
228 3008 252 3054 ÷
269 2994 317 3049 De
330 2993 412 3049 beata
433 2993 552 3065 virgine.
600 2991 712 3049 Oratio.
758 2990 901 3050 Concede
922 3007 977 3047 nos
1000 2991 1127 3049 famulos
1148 3002 1202 3048 etc.
1249 2994 1311 3048 l’ro

254 3083 346 3148 papa.
392 3073 505 3132 Oratio.
551 3073 633 3130 Deus
654 3069 788 3130 omnium
810 3070 943 3128 fidelium
966 3082 1040 3129 etc:
1069 3091 1116 3147 43,
1141 3074 1213 3148 581,,
1238 3074 1307 3144 608,

225 3157 446 3293 ...figmeatum
491 3233 634 3293 Concede
648 3252 702 3291 nos
718 3233 844 3291 famulos
865 3241 893 3289 et
914 3233 997 3290 Deus
1018 3233 1152 3291 omnium
1175 3234 1307 3293 fidelium

261 3327 379 3392 pastor:
403 3316 467 3391 581,
484 3315 549 3372 601.

275 3398 363 3454 Altae
393 3396 555 3456 Orationes.
609 3395 752 3455 Concede
780 3411 835 3451 nos
864 3395 990 3453 famulos
1019 3405 1094 3452 tuos.
1148 3396 1307 3455 Ecclesiae.

269 3478 321 3536 Vel
328 3480 411 3535 Deus
423 3476 566 3548 omnium,
580 3485 615 3533 ut
622 3483 788 3550 suprapost
799 3475 985 3532 Domim'eam
995 3476 1026 3531 in
1039 3475 1150 3534 Octauo
1162 3477 1291 3534 Paschae
1300 3502 1310 3534 ,-

143 3660 180 3711 14
222 3561 654 3713 Κεῖ8ἶ41411104811102401ω
677 3654 724 3713 05,
741 3656 788 3710 09,
812 3655 861 3711 43,
888 3637 952 3712 581,
979 3637 1051 3712 581,,
1079 3638 1144 3708 601,
1168 3639 1236 3708 608,
1261 3642 1309 3709 61,

143 3804 181 3859 18
223 3802 355 3859 oratione
372 3829 396 3848 =
415 3800 598 3858 orationem:
621 3816 668 3875 05.

142 3903 180 3958 ²3
223 3881 507 3958 operit=0peruitt
538 3883 584 3956 85,
602 3898 649 3954 93.
828 3878 957 3954 operiet:
982 3898 1029 3953 43,
1055 3880 1119 3955 581,
1145 3881 1217 3956 581,,
1242 3882 1306 3951 601,

263 3964 331 4035 608,
349 3966 396 4034 61,
413 3964 444 4020 Ρ.
464 3980 509 4035 74.
661 3970 782 4036 operat:
806 3961 879 4034 58L.

141 4062 178 4117 27
222 4045 342 4118 Prefix:
380 4043 534 4118 Sequentia
560 4042 656 4099 sancti
675 4041 836 4113 euangelii:
871 4059 918 4115 43,
951 4041 1014 4115 581,
1048 4042 1120 4116 581,,
1146 4043 1209 4113 601,
1239 4044 1307 4113 608,

263 4127 309 4195 61,
327 4126 358 4182 Ρ.
377 4143 422 4198 34.

140 4225 181 4281 30
222 4205 417 4264 accommoda
436 4232 460 4251 =
477 4203 657 4262 commoda:
679 4220 729 4278 05,
744 4222 791 4276 09.

139 4306 179 4362 3²
223 4286 340 4344 deintus
362 4314 386 4332 =
409 4286 447 4345 de
462 4284 556 4343 intro:
579 4302 625 4359 05,
643 4303 690 4357 09.

137 4387 178 4442 33
232 4401 251 4408 -
272 4386 391 4426 meum:
413 4387 460 4441 09,
477 4385 524 4440 43,
543 4365 607 4441 581,
625 4366 698 4440 581,,
716 4364 780 4434 601,
799 4364 830 4420 Ρ.
849 4381 895 4439 34.
