3066 5092
159 398 296 460 tanuen-1
317 399 346 450 S.
364 399 529 450 ΑΝΤΟΝΙΙ
544 399 645 448 ABBA
652 399 725 448 TIS:
744 399 951 448 CAYHEDRA
969 400 997 448 S.
1017 400 1136 448 PETRI
1151 399 1292 448 ROMAE.
1326 409 1370 458 171

186 538 246 589 line.

326 608 425 664 natali
450 607 538 665 arrius
565 607 677 665 abbatis
704 613 807 682 preter
832 607 991 664 orationem
1012 615 1182 683 presentem.
1240 606 1370 684 (Oratio,

329 688 449 759 Secreta,
466 688 695 746 Postcommum'o
704 689 791 761 given
803 710 812 744 :
825 687 904 765 581.)

285 769 439 827 Irrtror'tus.
482 769 525 828 Os
541 769 609 828 iusti
630 779 684 826 etc.
721 778 769 843 ps.
793 768 864 827 Noli
886 769 1008 827 emulari
1030 782 1106 828 etc.:
1129 789 1176 844 43,
1203 770 1276 845 581„
1304 769 1368 841 601,

328 852 374 907 61.

291 930 403 989 Oratio.
449 932 531 989 Deus
545 930 597 1006 qui
612 929 753 989 concedis
768 929 893 988 obtentu
907 930 983 989 beati
998 931 1112 990 antonii
1127 930 1305 989 confessoris
1329 930 1368 989 tui

328 1011 497 1070 morbidum
512 1012 612 1089 ignem
627 1010 756 1087 extingui
772 1023 801 1070 et
817 1013 957 1070 membris
983 1012 1057 1089 egris
1080 1012 1226 1088 refrigeria
1248 1011 1370 1086 prestari

326 1094 372 1151 lac
386 1111 442 1151 nos
455 1095 601 1169 propitius
616 1092 706 1167 ipsius
722 1092 833 1150 meritis
858 1112 876 1151 a
899 1094 1037 1169 gehenna
1059 1093 1204 1151 incendiis
1230 1092 1369 1151 liberatos

327 1173 455 1250 integros
478 1186 577 1233 mente
605 1186 634 1232 et
660 1192 785 1249 corpore
807 1173 860 1231 tibi
883 1174 1006 1233 feliciter
1029 1174 1058 1232 in
1082 1174 1173 1251 gloria
1198 1175 1367 1250 presentari.

325 1256 387 1313 Per.
401 1275 407 1311 :
428 1257 474 1311 all
484 1264 580 1330 except
591 1258 638 1313 81.

282 1337 428 1411 Epistola.
473 1336 607 1395 Dilectus
622 1337 688 1394 deo,
731 1337 771 1394 In
785 1336 1125 1411 corrrrnum'consesson‘s:
1146 1357 1193 1413 43,
1213 1339 1285 1413 58L,
1303 1337 1367 1407 601,

329 1419 376 1474 61.

289 1497 450 1557 Groduale.
495 1497 625 1556 Domine
644 1497 803 1574 preuenisti
827 1516 895 1556 eum
919 1512 973 1557 etc.
1016 1501 1056 1559 λζ
1101 1499 1204 1559 Uitam
1231 1512 1285 1557 etc.
1328 1499 1368 1557 tl.

327 1578 450 1636 Amauit
464 1590 540 1636 etc.:
562 1598 610 1653 43,
628 1580 701 1655 58L,
718 1580 783 1650 601,
800 1580 847 1636 61.

286 1660 491 1734 Euangelticm.
525 1661 624 1718 Nemo
635 1660 772 1718 accendit
783 1661 941 1718 lucernam.
975 1663 1014 1720 In
1025 1664 1181 1720 commanos
1191 1661 1371 1734 confessoris:

326 1760 373 1814 43,
391 1740 464 1816 581.
481 1742 545 1811 601,
563 1743 609 1798 61.
652 1742 723 1798 Non
738 1740 846 1798 dicitur
859 1742 976 1801 Credo:
999 1744 1064 1814 601,
1082 1745 1129 1800 61.

290 1821 486 1896 Offlrtorram.
532 1821 720 1880 Desiderium
736 1822 836 1879 anime
850 1834 925 1880 etc.:
947 1843 995 1898 43,
1014 1826 1086 1900 5812,
1104 1824 1169 1894 601,
1186 1826 1233 1880 61.

286 1902 406 1962 Secreta.
449 1901 631 1960 Sacrificium
646 1914 780 1960 nostrum
790 1922 951 1978 quesumus
963 1905 1085 1963 domine
1095 1902 1372 1981 benignusintende

326 2001 387 2058 quo
402 1983 477 2041 sicut
492 1983 569 2040 beati
591 1983 715 2041 Antonii
739 1984 875 2059 precibus
899 1986 1044 2044 cruciatus
1067 1987 1244 2060 temporales
1267 2003 1380 2042 sanare·

327 2082 388 2121 non
403 2064 513 2122 desinis
529 2064 568 2122 ita
582 2064 644 2122 erui
660 2064 886 2123 misericorditer
900 2067 1091 2143 impetremus
1102 2067 1141 2124 ab
1155 2066 1271 2125 eternis.
1315 2067 1371 2123 Per

327 2156 382 2202 etc.
398 2166 404 2202 :
426 2146 470 2201 all
482 2154 578 2220 except
590 2148 637 2202 81.

286 2225 463 2285 Communia.
505 2228 604 2283 Amen
619 2226 687 2285 dico
702 2226 789 2285 uobis
803 2240 879 2286 etc.:
901 2248 948 2304 43,
966 2230 1039 2305 58L,
1056 2230 1121 2300 601,
1138 2230 1185 2286 61.

285 2307 523 2364 postcommunio.
568 2308 664 2365 Prosit
678 2307 766 2365 nobis
787 2309 825 2366 ad
848 2311 973 2368 salutem
998 2310 1121 2368 domine
1143 2309 1216 2367 sacri
1241 2307 1370 2366 muneris

324 2387 436 2446 oblatio
450 2407 605 2464 perquam
620 2388 699 2446 beati
723 2390 848 2448 Antonii
869 2390 934 2449 sulti
959 2391 1097 2467 suffragio
1120 2391 1256 2467 exemplo
1279 2389 1373 2464 ipsius

326 2469 428 2527 omnia
443 2470 499 2527 tela
514 2468 686 2545 nequissimi
701 2468 788 2545 ignea
802 2471 1006 2548 extinguentes
1020 2482 1191 2530 sanctorum
1206 2489 1371 2529 mereamur

326 2549 447 2626 adiungi
461 2551 621 2609 consortio.
665 2551 730 2608 Per.
742 2574 748 2609 :
770 2553 817 2609 all
826 2561 922 2627 except
935 2556 982 2610 81.

224 2646 242 2707 5
295 2662 316 2671 -
335 2631 394 2688 In:
416 2650 462 2705 30,
479 2651 526 2703 40,
540 2632 605 2702 601,
622 2634 669 2689 61.
710 2634 857 2691 atartm's
872 2648 897 2695 ψ
914 2635 967 2691 Ad
978 2635 1118 2691 orc'ssam:
1143 2635 1186 2706 16,
1202 2633 1265 2708 581.
1310 2631 1373 2709 (die

332 2713 467 2779 18:601,
484 2712 546 2787 61.)

224 2793 244 2850 6
285 2793 431 2850 Intror'tns
452 2820 477 2839 =
498 2794 649 2866 Offio'um:
670 2814 716 2870 30,
733 2815 780 2867 40.

206 2892 245 2945 ¹4
286 2873 432 2948 Epistola.
456 2874 515 2948 Qui
531 2875 678 2950 gloriatur.
720 2878 760 2935 In
774 2876 1098 2950 concnam·virginum:
1120 2895 1169 2951 43.

285 2955 422 3028 Epistola
436 2956 674 3031 etanngelricm
695 2959 729 3014 de
752 2958 896 3015 communi
915 2958 1082 3031 vz'rgirrum:
1114 2958 1177 3033 581,
1204 2956 1276 3031 581.
1304 2956 1372 3027 601,

328 3038 375 3092 61.

206 3134 242 3190 17
286 3115 412 3174 Alleluia
429 3130 454 3176 ÷
470 3117 615 3176 Alleluia:
641 3121 684 3189 16,
703 3120 767 3194 581.

206 3216 245 3272 19
286 3196 491 3255 confundebar
510 3211 533 3259 ÷
552 3199 696 3257 Alleluia:
722 3202 766 3270 16,
784 3200 848 3275 581.

293 3290 318 3337 ÷
336 3278 543 3352 Euangclc'um.
580 3280 681 3338 Simile
696 3293 740 3338 est
756 3300 887 3357 regnum.
924 3282 964 3339 In
979 3280 1284 3355 commma'or'rgr'mcm
1297 3303 1306 3338 .·
1321 3299 1371 3355 43.

205 3377 246 3433 23
289 3360 439 3417 Hostia=
459 3360 603 3419 Hostias:
625 3362 689 3432 601,
707 3365 754 3422 61.

202 3458 243 3516 3²
294 3452 318 3500 ÷
335 3439 398 3515 (die
434 3442 493 3516 22).
549 3445 589 3499 ln
617 3443 753 3499 cathedra
781 3444 918 3500 Romana
945 3443 1040 3500 sancti
1066 3443 1148 3517 petri
1179 3443 1373 3516 apostolorum

320 3522 466 3597 pn'nnpis
476 3544 485 3580 :
497 3542 556 3597 qna
567 3524 666 3580 beatus
675 3526 819 3598 apostolus
828 3525 919 3581 Rome
921 3525 1054 3599 prtinrcm
1064 3523 1142 3581 sedit.
1179 3525 1234 3580 Ad
1241 3523 1374 3580 missam:

328 3603 394 3673 601,
411 3606 458 3660 61.

286 3684 439 3741 Introitus.
482 3684 589 3743 Statuit
604 3685 629 3742 ei
644 3685 784 3743 dominus
805 3697 1015 3744 testamentum
1037 3686 1137 3761 pacis:
1159 3697 1188 3742 et
1209 3683 1373 3760 principem

330 3764 398 3824 iecit
414 3784 481 3823 eum
495 3788 500 3821 :
517 3780 546 3823 vt
562 3767 597 3823 sit
613 3766 653 3823 illi
669 3767 826 3824 sacerdotii
842 3766 970 3843 dignitas
985 3767 1014 3824 in
1032 3780 1173 3825 eternum.

281 3854 328 3920 ps.
373 3846 527 3905 Memento
542 3847 664 3905 domine
680 3847 798 3905 Dauid:
813 3858 843 3905 et
857 3848 954 3906 omnis
971 3846 1205 3906 mansuetudinis
1216 3845 1287 3904 eius.
1331 3846 1371 3904 W.

330 3926 431 3985 Gloria
445 3927 520 4002 patri
534 3942 589 3986 etc.

292 4008 404 4066 Oratae.
451 4010 533 4066 Deus
554 4009 605 4084 qui
628 4009 716 4067 beato
739 4020 822 4085 petro
845 4010 982 4085 apostolo
1008 4020 1068 4081 tuo,
1095 4008 1209 4067 collatis
1237 4007 1372 4067 clauibus

329 4088 410 4165 regni
444 4089 568 4161 celestis,
603 4090 718 4148 animas
754 4090 863 4166 ligandi
898 4102 987 4164 atque
1023 4090 1158 4148 soluendi
1186 4089 1372 4166 pontificium

329 4170 492 4228 tradidisti:
534 4171 686 4229 concede:
729 4183 759 4228 vt
795 4171 1056 4229 intercessionibus
1092 4172 1155 4228 eius
1196 4170 1312 4242 auxilie,
1355 4189 1373 4228 a

328 4264 517 4327 peccatorum
530 4264 697 4311 nostrorum
714 4252 837 4310 nexibus
854 4252 1018 4310 liberemur.
1063 4252 1124 4327 Qui
1139 4251 1214 4309 viuis
1225 4263 1280 4310 etc.
