3066 5092
418 373 473 421 DE
493 373 779 423 CONTRAHENDO
796 376 1054 426 illAlRlillONlO.

634 681 737 764 [From
761 682 840 765 581]

174 819 255 876 client
291 818 324 875 de
359 817 550 875 contrahendo
578 819 771 875 matrimonio.
836 818 989 876 Sciendum
1016 823 1094 894 qnod
1119 821 1339 878 matrimonium

130 901 214 957 omni
233 909 354 973 tempore
368 907 465 974 potest
482 899 633 956 controln':
654 900 748 955 idest
766 900 845 973 qnod
868 902 952 973 tnclpm
966 901 1073 958 dicitnr
1092 904 1163 959 dore
1189 903 1220 959 la
1243 922 1341 972 mano,

131 981 252 1038 sednon
273 981 350 1037 debet
370 999 448 1036 uxor
466 981 533 1037 duci
553 982 676 1050 domnm,
704 999 792 1054 neque
815 981 919 1038 haberi
939 1002 984 1038 res
997 1002 1058 1038 cnm
1083 1003 1127 1052 ea,
1152 984 1213 1040 nisi
1234 985 1338 1040 eredita

134 1064 233 1132 missa,
247 1071 276 1118 et
294 1069 402 1136 accepta
423 1061 610 1119 bencdictione
634 1081 652 1117 α
677 1063 825 1133 sacerdote,
841 1069 870 1117 et
889 1063 943 1135 qni
963 1082 1040 1120 secns
1052 1063 1186 1136 fecerint,
1214 1066 1297 1135 male,
1313 1077 1340 1121 et

128 1147 250 1218 pessime
255 1143 382 1216 socricnt,
399 1161 448 1198 nec
460 1142 567 1198 nrirnm
582 1142 679 1213 sifilii
692 1142 793 1199 elt'scoli
804 1152 972 1200 nascnntnr.

175 1225 223 1281 Ab
249 1233 350 1280 octana
371 1231 548 1296 pentecostes,
578 1242 665 1297 nsque
699 1223 740 1279 od
773 1234 906 1300 vesperas
939 1225 1056 1281 sobbetti
1080 1225 1179 1300 prime
1202 1226 1340 1283 dominice

133 1306 162 1362 Λ
165 1305 288 1363 dicentur
301 1306 466 1361 conceditur.

174 1387 259 1455 Item,
276 1406 293 1442 a
307 1385 436 1459 vesperis
450 1385 520 1442 dicti
536 1384 649 1442 sabbati
665 1385 822 1456 aduentus,
838 1404 931 1460 esque
945 1405 997 1461 per
1017 1397 1113 1444 toturn
1135 1387 1216 1445 diem
1232 1399 1338 1445 octaue

131 1466 291 1542 epiphanie
306 1466 485 1540 prohibetur.

172 1549 245 1605 Item
274 1549 310 1603 alr
331 1542 434 1604 'octana
468 1546 619 1623 epiphanie
651 1565 738 1619 usqne
764 1548 807 1603 ad
831 1556 963 1622 vesperas
996 1548 1111 1605 sabboti
1137 1551 1363 1624 septuagesime·

129 1630 297 1685 conceditur.

175 1711 251 1766 Item
266 1729 283 1766 a
299 1708 426 1785 vesperis
440 1707 511 1766 dicti
527 1708 641 1766 sabbati
656 1708 871 1785 septuagesimo
892 1728 985 1784 nsque
1007 1728 1059 1785 per
1080 1720 1173 1768 totam
1198 1723 1334 1768 octauam

133 1790 279 1865 paschatis
295 1790 450 1859 cadusiae,
467 1789 647 1865 prohibetur.

174 1873 246 1927 Item
262 1892 280 1926 n
301 1872 345 1927 die
359 1873 426 1927 lune
442 1878 512 1944 post
531 1879 660 1927 octauam
676 1871 848 1944 paschatis:
871 1889 956 1945 esque
976 1880 1031 1946 per
1053 1880 1142 1928 totam
1164 1873 1336 1930 docncnicam

131 1953 314 2024 rogationum
328 1951 469 2008 exclusive
481 1951 648 2021 conceditur,
663 1952 717 2025 qni
727 1959 770 2008 est
781 1960 848 2006 arete
862 1953 978 2008 tertium
993 1954 1068 2009 diem
1082 1955 1272 2010 Ascensionis.

175 2034 259 2102 Item,
273 2051 289 2089 a
304 2033 352 2089 die
368 2035 437 2089 lune
451 2032 637 2107 rogationum
653 2031 683 2090 id
698 2045 742 2089 est
756 2051 774 2089 a
788 2032 882 2089 tribus
896 2032 1002 2091 diebus
1027 2045 1096 2092 ante
1119 2033 1333 2105 ascensionem,

131 2132 223 2189 esque
239 2133 289 2188 per
304 2125 399 2170 totum
414 2112 572 2171 sabbatum
587 2112 661 2170 infra
675 2124 811 2170 octauam
828 2125 1022 2187 pentecostes,
1040 2113 1219 2189 prohibetur.

529 2194 591 2250 Pro
596 2192 731 2266 faciendo
745 2195 937 2252 rrratm'monio.

175 2275 287 2335 Oratio.
326 2277 408 2332 Deus
436 2294 488 2350 per
516 2293 605 2349 quem
632 2275 735 2332 mulier
759 2274 888 2351 iungitur
910 2275 995 2333 viro:
1021 2288 1050 2333 et
1074 2276 1125 2352 qui
1148 2276 1335 2352 coniugalem

130 2357 268 2430 copulam
285 2356 313 2412 in
331 2357 497 2430 nuptiarum
513 2356 611 2414 sedere
626 2356 820 2413 consecrasti:
842 2355 898 2431 piis
912 2375 1075 2432 quesumus
1096 2357 1336 2415 inuocationibus

131 2438 238 2494 nostris
273 2437 400 2494 adesto:
444 2448 617 2511 mentesque
653 2448 767 2494 nostras
811 2436 956 2513 benignus
1003 2439 1143 2496 illustra:
1185 2450 1216 2496 vt
1252 2439 1335 2514 quod

128 2518 347 2575 coniunctionis
376 2530 405 2575 et
431 2517 581 2574 affinitatis
615 2517 707 2575 acturi
737 2536 839 2575 sumus
868 2518 1025 2592 mysterio:
1061 2530 1112 2577 tua
1140 2519 1162 2577 si
1192 2519 1334 2595 placuerit

131 2599 310 2674 disponente
325 2599 501 2655 clementia:
524 2599 663 2656 socialem
679 2599 816 2656 sortiatur
830 2599 977 2657 effectum.
1024 2601 1078 2657 Per
1093 2600 1258 2658 dominum.

171 2682 291 2737 Secreto.
314 2679 462 2737 Sacrificio
487 2679 539 2736 tibi
565 2680 687 2737 domine
709 2679 846 2754 precibus
871 2680 1054 2738 immolanda
1068 2681 1245 2740 deferimus:
1266 2700 1334 2757 que,

126 2780 297 2837 quesumus,
327 2761 417 2817 corda
446 2771 545 2817 nostra
580 2760 753 2836 purificent:
783 2772 929 2835 quatenus
959 2761 1102 2820 maiestati
1130 2774 1188 2833 tue,
1213 2762 1335 2838 quoda

129 2842 215 2899 nobis
231 2842 399 2899 laciendum
415 2854 466 2909 est,
482 2854 595 2916 gratum
618 2841 776 2899 efficiatur:
799 2853 827 2899 et
851 2842 1078 2913 coniunctionis
1105 2862 1157 2901 seu
1181 2843 1336 2901 solutionis

130 2923 223 2993 fedus,
240 2936 292 2980 tuo
309 2942 430 2980 munere
444 2923 625 2996 disponatur.
671 2924 726 2979 Per
739 2923 905 2980 dominum.

171 3005 406 3059 l’ostcmnnrnmo.
432 3005 513 3060 Deus
535 3003 585 3078 qui
608 3003 737 3061 femineo
759 3003 875 3078 corpori
898 3004 936 3062 de
957 3004 1029 3061 virili
1052 2997 1140 3062 carne
1158 3004 1335 3080 principium

128 3085 297 3158 prestitisti:
333 3085 445 3141 docens
473 3085 555 3158 quod
583 3103 618 3141 ex
654 3104 713 3141 vno
741 3085 898 3158 placuisset
927 3085 1037 3142 institui
1067 3104 1220 3161 nunquam
1249 3086 1336 3144 licere

129 3166 264 3238 disungi:
286 3185 337 3239 per
349 3167 404 3222 hec
419 3178 520 3222 sancta
536 3184 594 3239 que
610 3164 796 3240 sumpsimus
810 3178 838 3222 te
849 3185 1011 3240 quesumus
1027 3166 1199 3225 inuocantes
1214 3166 1337 3225 exaudi:

130 3259 160 3302 rt
176 3246 204 3302 in
222 3247 265 3302 his
280 3266 338 3320 que
353 3259 493 3303 expetunt
508 3245 664 3319 gerendis:
687 3246 773 3303 irase
795 3258 845 3303 tua
868 3247 1045 3321 disponente
1069 3247 1160 3323 gratia
1183 3260 1285 3323 gerant
1307 3258 1336 3306 et

127 3341 236 3401 agant:
259 3341 288 3383 rt
304 3347 379 3401 equos
394 3327 545 3401 inspiratio
561 3340 661 3384 sancta
676 3327 880 3385 coniunxerit:
903 3329 995 3385 homo
1017 3347 1070 3385 sua
1085 3328 1251 3386 temeritate
1274 3347 1333 3385 non

128 3420 251 3482 speret.
298 3409 530 3464 Perdominum.

174 3490 299 3562 Quando
313 3499 434 3563 sponsus
447 3499 475 3545 et
487 3499 591 3563 sponso
606 3490 647 3545 ad
658 3489 795 3545 eccc’csiorn
811 3498 871 3564 pro
892 3488 1078 3547 benedictione
1101 3491 1234 3547 venerint
1243 3513 1253 3547 .·
1272 3509 1335 3547 cnm

127 3571 170 3626 acl
181 3572 285 3626 ecclesie
298 3572 419 3625 tunnam
431 3572 623 3643 perrcenerint‚
650 3572 779 3626 sacerdos
802 3571 845 3626 ad
865 3570 986 3626 corruam
1010 3573 1144 3641 accedens,
1171 3572 1254 3628 dr'cat.
1299 3571 1335 3628 In

130 3653 250 3708 nomine
262 3652 359 3725 patris.
404 3647 466 3728 [See
480 3647 590 3729 delore]

346 3780 397 3860 [ln
407 3785 489 3857 ploce
503 3783 623 3860 ossorm
638 3783 723 3839 olore
738 3784 803 3839 601.
821 3782 884 3857 (see
898 3783 961 3840 also
977 3781 1039 3858 61.)
1054 3778 1120 3861 lios]

169 3907 470 3962 :lnirn‹edicente-ndum
491 3914 539 3975 cst,
555 3908 633 3979 prend
645 3905 809 3979 Sportsalia,
825 3924 874 3961 sen
895 3905 1123 3962 :llntrt'moninm
1144 3906 1221 3979 qnod
1231 3906 1274 3979 fit
1282 3915 1339 3980 per

126 3989 212 4044 ecelin
227 3990 260 4043 ile
269 3988 406 4060 presenti,
423 3994 449 4042 et
463 3989 523 4043 sine
537 3986 772 4057 altitcclelrritote,
788 3986 868 4042 omni
882 3995 1003 4060 tempore
1015 3986 1151 4043 contrahi
1155 3993 1257 4060 potest,
1273 4005 1336 4044 cnm

126 4071 167 4125 sit
201 4069 439 4125 Socrmnentnm:
474 4087 493 4124 c.
532 4069 681 4124 Debilinm
694 4091 703 4124 .·
737 4069 771 4124 de
805 4068 947 4139 Bigomis.
1012 4067 1115 4124 Verrem
1149 4068 1337 4124 solennitates

128 4149 274 4221 nnptinles
287 4173 295 4206 .·
316 4158 348 4205 et
367 4157 436 4205 secret
456 4150 599 4219 conuiuio,
615 4149 716 4206 tutoris
736 4148 886 4218 traductio,
903 4147 1001 4205 cornis
1020 4149 1191 4214 comenixtin,
1206 4156 1234 4205 et
1246 4157 1336 4205 cetero

127 4231 309 4287 lncinsrnoti:
332 4250 348 4303 3
353 4249 378 4302 3.
394 4251 420 4304 p.
437 4251 463 4301 4.
484 4250 504 4286 c.
531 4249 588 4286 nem
610 4238 736 4305 oportet:
756 4248 777 4285 c.
802 4249 859 4285 icon
880 4231 964 4286 licet:
984 4235 1011 4285 et
1030 4249 1050 4286 c.
1072 4248 1121 4287 nec
1139 4247 1278 4287 exorem:
1299 4230 1336 4286 ab

126 4312 237 4368 ecclesio
259 4312 396 4367 cotlcolico
412 4312 613 4384 proicileentnr.
656 4311 702 4367 Et
721 4310 791 4384 qnia
808 4312 851 4379 (ot
872 4311 916 4366 oit
930 4311 973 4366 l).
993 4310 1063 4367 Tlm.
1080 4330 1107 4381 4.
1123 4313 1150 4367 d.
1168 4330 1214 4385 3²·
1232 4320 1289 4367 art.
1307 4328 1333 4386 5.

126 4412 152 4465 p.
169 4394 211 4467 4.)
226 4394 343 4465 (secennio
360 4411 430 4449 none
443 4403 542 4467 sponse
556 4394 752 4449 traducuntur
773 4392 891 4448 orcimns
911 4391 1061 4466 coningncn
1083 4392 1166 4450 ualde
1180 4392 1222 4449 ad
1235 4412 1336 4449 curam
