3066 5092
158 366 249 426 sm]
495 366 521 413 S.
552 365 714 414 arcora!
741 365 794 412 na·
826 364 1050 413 rotenwila
1324 374 1371 423 233

190 504 247 553 line.

325 568 416 646 ipsius
432 569 541 628 meritis
557 582 585 628 et
598 569 807 628 intercessione
818 569 975 628 eliminatis
988 569 1133 629 erroribus
1145 580 1286 645 perpetua
1297 587 1371 645 pace

325 670 360 710 ac
375 651 485 709 vnitate
500 653 611 709 letetur.
656 652 720 709 Per.

284 734 378 790 lectra
396 733 467 788 libri
487 733 640 807 Sapr'entr'e.
686 732 819 789 Dilectus
841 732 900 790 deo
923 742 978 790 etc.
1025 732 1153 806 Require
1176 733 1208 788 in
1231 731 1376 789 communi

324 812 511 887 confessorum
526 837 534 872 :
565 833 612 887 09,
631 814 697 888 581„
713 811 861 888 (Epistola
875 814 1043 870 Abhatum:
1066 814 1209 888 581)...de
1232 813 1377 869 communi

326 894 513 967 corrsessomm
529 914 585 950 non
594 895 774 970 pontificum.
786 917 796 952 .·
817 895 881 965 601,
900 896 946 952 61.

290 976 449 1034 Gradnale.
495 977 531 1033 ln
546 977 610 1052 lege
625 975 739 1033 domini
755 975 809 1032 suit
823 976 959 1033 voluntas
977 974 1040 1032 eius
1066 974 1114 1033 die
1139 984 1168 1033 et
1193 985 1289 1033 nocte.
1333 974 1373 1031 ff.

329 1056 486 1115 Predicans
501 1068 673 1132 preceptum
694 1055 808 1114 domini
828 1055 1006 1114 constitutus
1030 1066 1074 1113 est
1099 1055 1129 1112 in
1153 1065 1374 1114 montesancto

327 1138 399 1195 eius.
456 1138 584 1196 Alleluia
612 1136 657 1211 (÷
677 1137 820 1195 Alleluia:
844 1136 921 1213 581).
981 1137 1041 1194 Hic
1064 1135 1197 1194 nicolaus
1226 1135 1373 1211 augustini

327 1218 416 1294 patris
431 1218 552 1294 vestigia
567 1237 687 1276 seruans
703 1217 850 1276 miraculis
864 1220 959 1276 clarus
974 1216 1107 1293 possidet
1131 1217 1251 1275 celestia·
1276 1235 1372 1292 regna.

328 1299 456 1357 Alleluia
484 1299 529 1374 (÷
546 1299 692 1357 Alleluia:
729 1298 797 1375 581)
827 1299 879 1374 (V.
938 1299 1041 1357 Hodie
1070 1298 1216 1356 miraculis
1252 1298 1375 1373 refulget

329 1399 414 1438 verus
443 1381 595 1438 consessor
623 1381 755 1438 nicolaus
784 1399 852 1437 cum
881 1398 942 1454 quo
970 1379 1000 1436 in
1029 1379 1099 1437 celis
1127 1380 1236 1454 gaudet
1271 1379 1376 1436 doctor

329 1462 523 1536 Augustinus.
580 1461 724 1519 Alleluia:
768 1460 828 1536 ος).
884 1462 924 1519 ff.
977 1460 1119 1519 Nicolaus
1155 1460 1203 1519 hic
1231 1478 1375 1518 accensus

330 1542 384 1599 luit
426 1561 508 1600 sacro
550 1553 710 1617 pneumate
746 1561 801 1600 nec
837 1541 891 1600 luit
926 1542 1056 1600 offensus
1090 1540 1249 1617 quisquam
1285 1540 1376 1598 verbo

331 1623 440 1697 (illius:
462 1642 509 1698 43,
528 1625 591 1698 581,
610 1626 682 1698 58L‚
701 1625 765 1693 601,
783 1621 834 1696 61)
849 1633 900 1680 aut
915 1642 1012 1698 opere.

288 1703 467 1778 (Sapientia.
510 1704 579 1761 'l'ibi
595 1705 704 1763 christe
725 1703 924 1779 redemptori:
947 1716 1048 1762 nostro
1073 1722 1142 1762 vero
1157 1702 1316 1761 saluatori:
1338 1702 1375 1760 sit

330 1786 393 1843 lans
408 1796 437 1842 et
451 1785 550 1860 gloria.

291 1866 360 1923 Tibi
390 1877 490 1924 nostro
518 1866 568 1942 pio
597 1866 685 1925 duci:
721 1877 749 1923 et
777 1865 867 1924 totius
896 1865 999 1924 mundi
1023 1866 1099 1924 luci:
1135 1866 1255 1941 plaudat
1280 1864 1377 1922 omnis

332 1962 457 2023 spiritus.

292 2029 337 2085 Te
372 2028 489 2086 Christe
523 2029 620 2086 celum
656 2027 807 2104 predicet:
843 2039 1008 2102 terramque
1043 2028 1145 2086 laudes
1173 2026 1312 2102 replicet:
1348 2025 1378 2082 in

334 2109 452 2167 Nicolai
467 2109 597 2167 canticis.

294 2191 358 2247 Iam
374 2209 391 2247 a
407 2191 465 2247 fine
476 2192 662 2249 seculorum:
684 2189 743 2247 vite
753 2191 881 2248 ducem:
904 2201 933 2247 et
944 2191 1044 2248 lumen
1071 2208 1207 2247 morum:
1230 2189 1378 2247 nicolaum

334 2271 497 2345 prouidisti.

295 2352 437 2410 Nicolaus
479 2372 564 2410 verns
599 2353 704 2410 irater:
753 2370 820 2410 vere
859 2362 958 2410 noster
1000 2351 1098 2409 bonus
1139 2362 1240 2427 pater:
1289 2350 1379 2408 hodie

336 2433 525 2507 resplenduit.

296 2517 410 2588 Pauper
424 2534 491 2572 vere
505 2533 616 2590 pauper
627 2513 744 2571 christi:
766 2532 851 2571 verus
863 2532 964 2571 seruus
977 2513 1037 2571 iesu
1050 2512 1149 2570 christi
1162 2535 1168 2570 :
1190 2523 1219 2570 et
1230 2513 1381 2570 consessor

335 2597 473 2669 optimus.

296 2676 404 2735 Castus
440 2677 526 2734 flores
561 2688 702 2751 tanquam
738 2675 849 2733 lilium:
885 2676 934 2732 lux
969 2686 998 2733 et
1035 2673 1185 2751 specimen
1228 2672 1381 2731 fidelium:

335 2769 508 2814 cunctarum
524 2759 624 2815 lumen
640 2756 792 2815 mentium.

296 2839 400 2895 Salus:
422 2839 471 2894 lux
493 2849 522 2896 et
547 2838 710 2914 refugium:
733 2849 761 2896 et
784 2837 955 2895 morborum
979 2836 1067 2895 simul
1090 2835 1245 2895 omnium:
1267 2846 1383 2893 curator

337 2938 469 2976 eximius,

297 3001 370 3058 Ceci
400 3000 519 3057 vident:
554 3000 651 3057 claudi
674 3009 818 3076 pergunt:
854 2999 883 3056 in
912 2999 1092 3076 prolundum
1122 2999 1199 3056 mala
1227 3007 1383 3073 mergunt:

339 3081 377 3156 pii
394 3101 446 3156 per
460 3082 538 3139 hunc
554 3080 679 3139 celitem.

298 3162 435 3220 Audiunt
464 3162 564 3219 surdi:
587 3161 659 3219 muti
685 3163 800 3219 santur:
823 3161 929 3219 mortui
955 3172 1078 3237 surgunt
1100 3171 1130 3218 et
1154 3160 1298 3218 letantur:
1327 3159 1385 3217 hoc

338 3243 442 3301 diuino
457 3261 587 3300 munere.

299 3324 414 3382 Omnes
449 3338 552 3399 gentes
586 3323 729 3381 accurrite
764 3333 793 3381 et
828 3323 938 3381 deuota
973 3333 1092 3381 mente:
1141 3341 1176 3380 ex
1211 3322 1269 3379 hoc
1304 3322 1386 3379 sonte

341 3405 512 3462 remedium.

302 3486 347 3542 Ite
383 3485 421 3561 pii
458 3486 545 3542 simul
580 3487 713 3560 querite:
762 3494 792 3542 et
827 3485 979 3560 querendo
1021 3483 1217 3543 inardescite:
1268 3483 1385 3541 Nicolai

343 3567 488 3624 laudibus,

303 3649 357 3705 Ille
373 3659 472 3704 noster
486 3660 530 3705 est
545 3658 703 3723 patronus:
725 3645 791 3723 pius
814 3657 913 3721 pater:
945 3657 1045 3722 pastor
1067 3646 1185 3703 bonus:
1216 3657 1245 3703 et
1269 3645 1386 3720 pietatis

343 3730 476 3786 formula.

303 3811 357 3867 Ille
386 3822 486 3866 noster
514 3820 558 3867 est
586 3820 735 3885 protector
763 3808 926 3885 gloriosus:
962 3820 991 3866 et
1019 3809 1156 3867 effector:
1193 3827 1244 3883 per
1279 3817 1387 3865 cuncta

344 3891 480 3965 pericula.

304 3972 429 4029 Nicolae
445 3983 545 4047 pastor
558 3971 658 4029 bone:
680 3971 776 4029 dulcis
791 3981 873 4045 pater
887 3981 916 4028 et
938 3980 1078 4045 patrone:
1101 3969 1131 4026 in
1153 3969 1264 4027 christo
1288 3968 1388 4026 viuen-

344 4065 426 4110 num.

304 4135 351 4190 Tu
368 4153 422 4191 nos
438 4152 522 4208 rege:
545 4152 599 4190 nos
620 4134 770 4208 guberna:
792 4132 907 4190 ducens
931 4143 1029 4189 tecum
1054 4131 1095 4189 ad
1117 4143 1236 4189 eterna:
1258 4130 1387 4207 paradisi

344 4214 458 4289 gaudia.
504 4215 698 4289 Amen:05.)

303 4296 457 4368 Sapientia
478 4296 573 4352 sancti
583 4295 728 4367 euangelii
739 4296 891 4351 secundum
913 4293 1088 4350 Mattltercm.
1185 4293 1267 4350 Dixit
1289 4291 1387 4350 simon

344 4389 443 4451 petrus
506 4375 698 4452 possedebit:
721 4393 768 4450 05,
785 4377 854 4434 608.
