3066 5092
331 415 448 465 FERIA
465 416 504 464 II.
524 416 641 464 FERIA
658 416 713 465 III.
735 417 831 466 POST
841 417 891 466 IN
893 418 984 468 VOCA
993 418 1061 469 VIT.
1269 429 1300 482 37

116 563 175 612 hnc.
215 629 329 687 ...Alia
343 629 464 688 Secreta
508 628 624 688 Exaudi
639 648 694 687 nos
708 630 802 688 deus:
825 631 872 706 58,
889 631 955 688 601.

214 710 343 768 ...Aliae
357 710 491 769 Secretae.
537 709 653 768 Exaudi
668 729 723 768 nos
738 720 793 769 etc.
839 712 922 769 Deus
936 710 984 769 cui
999 711 1054 771 soli
1069 721 1146 769 etc.:
1169 713 1200 769 P.
1217 730 1263 785 74.

133 810 170 861 24
221 824 244 832 -
262 809 373 850 non
391 800 558 849 nocturno:
580 793 630 848 all.

132 890 169 946 29
220 886 245 933 ÷
260 872 336 930 Alia
349 872 587 929 postcommunio.
632 872 760 931 Mundet
779 882 808 931 et
830 872 943 930 muniat
966 883 1022 931 etc.
1065 873 1139 931 Alia
1161 874 1301 931 Postcom-

252 954 360 1010 munia
403 952 563 1011 Purificent
578 971 633 1011 nos
648 963 724 1012 etc.:
746 973 793 1028 43,
811 954 884 1029 581.
901 954 969 1024 608,
986 956 1033 1010 61.

268 1034 343 1092 Alia
356 1034 593 1092 postcommunio.
638 1034 766 1092 Mundet
780 1044 810 1092 et
824 1033 937 1092 muniat
950 1052 1025 1093 nos:
1048 1036 1113 1110 581,
1129 1035 1195 1093 601.

268 1115 358 1173 Aliae
377 1116 664 1173 Postcommumones.
709 1115 839 1174 Mundet
859 1124 889 1173 et
910 1114 1023 1173 muniat
1044 1125 1099 1174 etc.
1143 1114 1303 1174 Purificent

132 1297 172 1348 40
222 1197 665 1337 ÷n3iaeiines{'lc'iz‘s4‘dt’cendas.
708 1276 835 1351 Require
851 1277 883 1334 in
902 1277 1044 1334 dominoco
1052 1277 1233 1352 precedenti:
1254 1295 1302 1352 43,

219 1359 428 1498 ...6686u61116tis
442 1447 471 1495 et
483 1438 702 1514 Omnipotens:
725 1439 789 1513 581,
806 1439 871 1497 601.

271 1521 300 1577 A
314 1520 428 1578 cunctis
442 1528 471 1576 et
490 1519 699 1596 Omnipotens.
742 1519 869 1594 Require
897 1519 929 1576 in
958 1519 1100 1576 dominica
1125 1517 1307 1593 precedenti:

221 1601 360 1740 ..Siliiae
377 1681 539 1750 Orationes,
555 1690 591 1738 nt
601 1681 634 1739 in
648 1681 805 1740 Dominica
813 1681 1014 1757 praecedenti:
1036 1682 1067 1738 P.
1086 1697 1131 1754 74.

656 1886 757 1966 Pago
779 1886 829 1967 58.

141 2041 178 2094 14
218 2020 368 2080 abiectum
387 2047 412 2067 =
431 2019 600 2079 obiectum:
623 2023 669 2096 85,
687 2040 734 2096 93.

140 2122 177 2178 19
226 2116 252 2163 ÷
273 2103 403 2159 Tractus.
451 2100 582 2160 Domine
605 2120 666 2160 non
691 2102 858 2161 secundum
881 2112 958 2161 ete:
984 2103 1092 2177 15,16,
1115 2121 1161 2176 30,
1187 2119 1234 2171 40,
1258 2118 1305 2173 43,

262 2184 326 2259 581,
344 2183 418 2258 5814
435 2182 500 2254 601,
518 2183 586 2252 608,
604 2184 651 2254 61,
675 2183 707 2240 P.
727 2200 772 2256 74.

140 2285 177 2323 20
220 2264 341 2337 Prefix:
363 2263 517 2337 Sequentia
540 2263 636 2321 sancti
656 2263 817 2339 euangelii:
837 2283 885 2338 43,
913 2264 977 2340 581,
1000 2264 1073 2340 581,
1091 2263 1156 2335 601,
1173 2261 1242 2332 605,
1259 2263 1307 2331 61,

261 2345 293 2402 P·
308 2362 357 2435 74·
397 2423 403 2435 ‚

139 2447 176 2485 22
218 2426 315 2502 angeh
334 2439 358 2486 ÷
377 2443 460 2484 ems:
482 2426 532 2482 all.

648 2554 750 2633 Page
771 2565 820 2633 59.

142 2707 176 2746 12
228 2702 253 2748 ÷
271 2685 386 2745 Exaudi
401 2704 456 2744 nos
470 2686 563 2745 deus:
586 2688 650 2762 581,
668 2688 742 2762 581,
759 2688 824 2744 601.

274 2768 362 2825 Aliae
376 2768 510 2839 Secretac,
526 2776 562 2824 nt
573 2767 605 2823 in
619 2768 777 2825 Domc‘nica
785 2767 985 2843 praecedenti:
1007 2769 1038 2824 P.
1058 2783 1103 2840 74.

142 2851 178 2908 18
228 2862 253 2921 ψ
271 2850 400 2907 Mundet
414 2858 443 2907 et
458 2847 588 2906 muniat:
613 2850 676 2924 581,
695 2849 768 2924 58L,
785 2849 850 2907 601.

268 2931 356 2988 Aliae
370 2929 655 3000 Postcommnniones,
671 2929 749 2986 utin
764 2929 921 2987 Dantt'nica
929 2928 1127 3005 praecedenti:
1149 2929 1181 2986 P.
1195 2946 1242 3002 74.

141 3032 178 3070 20
230 3045 251 3052 -
272 3011 405 3070 Oratio:
429 3011 493 3085 581,
511 3011 584 3085 581,,
602 3011 667 3079 601,
681 3011 713 3068 Ρ.
732 3027 777 3084 74.

223 3093 336 3152 Oratio.
355 3105 380 3152 ÷
399 3091 535 3150 Oremus.
589 3090 754 3150 Humiliate
786 3090 883 3166 capita
915 3102 1011 3150 vestra
1050 3091 1126 3148 deo:
1160 3091 1203 3162 16,
1240 3090 1304 3165 581,

263 3174 335 3249 581,,
355 3173 420 3245 601,
438 3174 470 3229 Ρ.
488 3191 533 3246 74.

139 3258 177 3314 26
220 3254 323 3312 Read:
343 3253 438 3311 factus
453 3271 484 3311 es
499 3251 589 3310 mihi:
611 3254 661 3310 all.

138 3356 177 3412 33
229 3349 254 3396 ÷
273 3335 427 3394 Orationes
447 3334 524 3391 alcas
537 3334 677 3391 dt'cendas.
720 3334 847 3408 Require
860 3333 892 3390 in
906 3332 1048 3391 dominica
1055 3332 1235 3408 precedenti:
1256 3350 1303 3407 43,

262 3416 330 3485 605,
344 3417 392 3472 61.

230 3499 296 3555 ...A
309 3495 425 3554 cunctis
438 3504 467 3552 et
478 3494 695 3571 Omnipotens:
719 3496 782 3571 581,
800 3495 865 3552 601.

232 3596 299 3636 ...a
323 3576 438 3634 cunctis
462 3585 491 3633 et
512 3576 720 3652 Omnipotens.
764 3576 890 3650 Require
910 3576 941 3633 in
956 3575 1098 3633 doninica
1105 3575 1286 3651 precedenti:

231 3785 238 3796 .
258 3658 356 3796 {iiior
373 3739 534 3809 Orationes,
551 3746 587 3795 nt
597 3739 628 3795 in
643 3738 800 3796 Dominica
808 3737 1007 3813 praecedenti:
1029 3739 1060 3795 P.
1079 3755 1124 3811 74.

657 3935 758 4014 page
778 3934 829 4000 60.

143 4093 178 4132 12
223 4071 350 4130 eleuatio
367 4099 391 4117 =
409 4069 568 4129 exultatio:
591 4072 638 4142 08,
659 4070 702 4126 16.

144 4174 180 4226 14
222 4154 344 4227 Prefix:
365 4152 519 4226 Sequentia
540 4150 636 4208 sancti
654 4149 814 4224 euangelii:
836 4167 882 4223 43,
907 4148 971 4223 581,
996 4149 1069 4223 581,
1093 4149 1158 4218 601,
1175 4148 1243 4217 608,
1261 4148 1308 4218 61,

142 4336 181 4387 24
231 4348 253 4357 -
266 4235 304 4371 lin
317 4251 449 4389 {inplm
471 4314 518 4384 08,
539 4329 582 4388 15,
600 4331 646 4387 30,
663 4331 711 4383 40.

143 4418 180 4473 ²9
233 4429 256 4439 -
280 4394 388 4454 mansit
403 4396 511 4453 etzall
520 4402 617 4469 except
629 4393 661 4450 P.
680 4411 726 4467 74.
779 4425 800 4432 -
821 4390 993 4452 etdocebat
1038 4390 1155 4449 ...dei:
1178 4391 1210 4448 P.
1229 4409 1275 4465 74.
