3066 5092
409 404 482 465 QUA
488 403 515 451 T
514 403 589 454 UOR
608 403 635 451 T
631 403 786 453 EMPORA
805 403 861 452 DE
876 402 1073 453 ADVENTU.
1335 412 1350 464 7

164 550 223 598 line.

259 616 332 673 lenes
357 634 392 691 37
417 614 458 692 (p.
483 614 513 692 5)
536 625 564 673 to
590 634 604 689 7
630 614 671 692 (p.
694 614 726 694 6)
751 635 802 673 are
825 616 945 673 omitted
969 616 1001 672 in
1025 616 1057 672 P.
1086 633 1131 688 74,
1156 615 1251 673 wleicle
1273 615 1353 691 after

300 698 318 754 l.
350 699 387 773 36
415 697 455 774 (p.
481 697 520 773 5),
552 699 636 754 reads
647 697 772 755 :-Post
793 698 885 772 Kyrie
906 695 1026 767 eleison,
1050 695 1213 753 immediate
1243 695 1353 755 dt'citur

300 778 435 838 Oremus.
479 780 650 837 Flectamus
663 797 767 856 genua.
809 779 849 848 R.
874 779 995 836 Leuate.

197 861 216 916 8
258 860 537 936 genua÷R:05,
554 878 602 934 43,
621 861 694 935 581,
711 859 780 930 608,
797 861 844 916 61.

179 959 213 996 12
266 954 290 1001 ÷
306 941 487 1016 Proplutta:
508 942 540 998 P.
559 959 604 1014 74.

178 1023 482 1096 m-Mffim

177 1120 216 1176 30
267 1135 289 1143 -
308 1103 438 1161 Leuate:
460 1121 507 1179 05,
524 1122 571 1177 09,
592 1120 639 1178 15,
653 1121 700 1177 30,
716 1122 764 1174 40,
780 1121 828 1177 43,
847 1102 911 1178 581,
929 1102 1001 1177 581,,
1019 1101 1084 1172 601,
1101 1102 1170 1171 608,
1187 1104 1235 1173 61,
1253 1103 1285 1159 P.
1301 1120 1348 1176 74.

177 1202 216 1257 34
266 1197 290 1244 ÷
307 1184 369 1240 Pro
383 1183 466 1260 (θα
481 1186 513 1242 P.
534 1182 585 1261 74)
605 1191 705 1241 sancta
725 1184 841 1241 Maria.
888 1182 1001 1241 Oratio.
1045 1183 1128 1240 Deus
1142 1182 1247 1258 quide
1262 1183 1349 1242 beate

298 1277 354 1322 etc.
406 1264 469 1322 Pro
483 1275 577 1342 papa.
632 1265 744 1324 Oratio.
798 1265 881 1322 Deus
903 1264 1040 1321 omnium
1062 1274 1119 1322 etc.
1171 1264 1221 1321 Vel
1248 1273 1350 1322 contro

291 1354 483 1421 persecutores
510 1346 623 1404 ecclesie.
678 1346 791 1405 Oratio.
836 1345 970 1403 Ecclesia
999 1355 1056 1402 tue.
1113 1345 1243 1419 Require
1271 1343 1333 1422 (Ut
1340 1369 1350 1405 :

297 1427 330 1483 P.
350 1424 400 1504 74)
414 1428 446 1484 in
461 1427 603 1485 dominico
611 1427 773 1502 pretenta:
795 1444 843 1500 43,
861 1427 934 1501 581,,
951 1426 1020 1498 608,
1038 1427 1085 1498 61,
1102 1427 1134 1482 P.
1153 1443 1199 1498 74.

264 1521 288 1568 ÷
310 1509 392 1566 Deus
420 1509 472 1583 qui
500 1509 539 1567 de
567 1507 655 1566 beate
683 1508 778 1565 Marie
806 1507 932 1584 virginis,
963 1515 998 1563 ut
1023 1507 1055 1563 in
1076 1507 1181 1582 prima
1204 1508 1349 1566 dominica

300 1589 463 1646 aduentus:
486 1590 549 1665 581,
567 1589 632 1646 601.

661 1765 761 1846 Page
785 1777 815 1846 7.

197 1916 212 1972 7
256 1898 379 1973 Prefix:
401 1899 555 1973 Sequentia
568 1900 663 1958 sancti
673 1901 838 1976 euangelii:
859 1919 907 1975 43,
925 1901 989 1976 581,
1008 1901 1080 1976 581,,
1108 1900 1174 1971 601,
1201 1899 1270 1970 608,
1298 1902 1347 1973 61,

178 2080 211 2118 11
258 2059 508 2119 Maria=Ma1ie
525 2062 589 2137 581.

176 2144 213 2200 26
258 2142 354 2199 Maria
373 2155 397 2202 ÷
414 2140 489 2217 (Hic
497 2140 725 2219 genuflectitur):
751 2161 795 2219 15,
813 2161 859 2217 30,
876 2162 923 2214 40.

177 2241 212 2295 27
264 2222 426 2283 ÷Cred0:
450 2223 513 2298 581.

176 2323 213 2378 ²9
255 2304 418 2361 ut...saciat
434 2330 458 2349 =
475 2304 651 2362 et...saciet:
675 2306 721 2375 81,
739 2307 789 2380 85,
804 2323 851 2379 93,
868 2306 915 2375 08,
936 2305 980 2376 16,
997 2305 1029 2361 P.
1053 2320 1099 2376 74.

175 2404 209 2459 31
255 2386 492 2459 que÷etzata

174 2484 211 2541 3²
258 2467 356 2524 Order
374 2467 419 2523 is:
441 2464 585 2542 promissa
601 2466 798 2542 sempiterna:
821 2486 868 2541 09,
885 2484 933 2540 43,
951 2467 1015 2541 581,
1034 2467 1106 2542 581,
1124 2467 1190 2538 601,
1209 2466 1279 2538 608,
1296 2469 1345 2539 61,

174 2646 212 2703 33
263 2640 288 2687 ÷
306 2627 368 2684 Pro
391 2628 473 2701 (De:
497 2628 529 2684 P.
548 2627 599 2706 74)
622 2627 731 2686 Sancta
745 2627 860 2685 Maria.
905 2627 1025 2687 Secreta
1070 2628 1104 2685 In
1122 2628 1273 2687 mentibus
1287 2638 1343 2687 etc.

296 2707 359 2765 Pro
379 2717 473 2784 papa.
530 2709 651 2767 Secreta.
708 2707 825 2768 Oblatis
851 2725 1014 2783 quesumus
1036 2720 1092 2777 etc.
1151 2708 1222 2785 (Vel
1245 2719 1347 2768 contra

288 2797 480 2865 persecutores
513 2791 646 2848 ecclesiae.
703 2790 823 2848 Secreta.
888 2790 1020 2866 Protege,
1057 2798 1092 2847 ut
1124 2789 1156 2846 in
1186 2791 1346 2848 Dominica

288 2871 470 2945 praeterita:
493 2871 524 2927 P.
544 2869 614 2946 74):
636 2888 683 2944 43,
702 2871 775 2946 581,,
793 2870 861 2942 608,
879 2872 926 2943 61,
943 2872 974 2927 P.
995 2889 1040 2944 74.

261 2963 285 3010 ÷
305 2951 341 3007 In
358 2950 507 3009 mentibus
521 2951 638 3021 nostris,
654 2958 814 3027 utsupra:
835 2951 899 3026 581,
917 2952 981 3009 601.

172 3033 210 3106 38
261 3044 285 3091 ÷
304 3030 367 3088 Pro
391 3030 471 3107 (θα
494 3033 526 3089 Ρ.
555 3031 606 3108 74)
632 3032 740 3090 Sancta
768 3032 883 3089 Maria.
927 3032 1163 3089 postcommunio.
1210 3033 1343 3091 Gratiam

294 3124 375 3169 tuam
398 3123 453 3170 etc.
497 3113 559 3170 Pro
579 3122 673 3190 papa.
716 3112 952 3171 postcommunio.
998 3115 1067 3172 Hec
1096 3131 1151 3171 nos
1174 3123 1229 3172 etc.
1275 3112 1346 3191 (Vel

292 3202 392 3250 contra
399 3202 592 3270 persecutores
611 3194 744 3251 ecclesiae.
787 3194 1023 3251 Postcommunio.
1067 3194 1247 3268 Quesumus,
1264 3202 1298 3252 ut
1312 3196 1345 3252 in

294 3275 639 3351 Dominicapraeterita:
663 3276 694 3332 P.
713 3273 781 3350 74):
803 3295 850 3350 43,
869 3276 941 3350 581,,
959 3275 1027 3346 608,
1042 3277 1089 3346 61,
1108 3277 1140 3334 P.
1158 3294 1203 3349 74.

257 3367 282 3414 ÷
302 3355 432 3413 Gratiam
447 3367 529 3413 tuam
544 3374 715 3431 quesumus,
732 3364 868 3432 utsupra
885 3357 948 3431 581,
965 3357 1031 3414 601.

659 3533 760 3613 Page
779 3533 808 3597 8.

192 3683 203 3720 1
260 3697 282 3705 -
302 3673 616 3742 quatuortemporum:
631 3685 678 3743 05,
696 3687 742 3742 09,
760 3687 807 3742 43,
826 3668 889 3743 581,
908 3668 981 3743 581,,
995 3668 1060 3739 601,
1074 3669 1120 3724 61.
1168 3669 1341 3745 I'entporum

301 3760 325 3807 ÷
341 3749 514 3805 Aduentus:
536 3749 567 3805 P.
586 3767 632 3822 74.

187 3830 593 3902 4esto=estu:P.74.
678 3867 684 3876 ·

169 3926 202 3964 11
258 3921 283 3967 ÷
303 3908 365 3965 Pro
376 3908 456 3985 (De:
479 3910 510 3966 P.
530 3910 580 3987 74)
594 3918 694 3967 sancta
708 3911 823 3968 Maria.
871 3911 983 3970 Oratio.
1028 3911 1111 3969 Deus
1125 3911 1177 3986 qui
1189 3912 1228 3970 de
1237 3911 1344 3972 beatae

291 4002 347 4047 etc.
394 3991 506 4049 Contra
522 4000 715 4067 persecutores
735 3993 849 4049 ecclesie.
896 3991 1007 4050 Oratio.
1052 3993 1186 4050 Ecclesie
1210 4004 1260 4051 tue
1283 4006 1339 4052 etc.

300 4071 351 4127 Vel
365 4082 426 4148 pro
442 4081 537 4149 papa.
592 4074 675 4130 Deus
697 4073 833 4130 omnium
859 4072 993 4131 fidelium
1008 4083 1064 4131 etc.
1120 4073 1249 4148 Require
1263 4072 1343 4151 (Ut.-

293 4152 327 4210 P.
345 4150 395 4228 74)
419 4151 550 4229 (Supra:
573 4155 644 4224 608,
666 4152 718 4230 61)
740 4155 772 4211 in
787 4153 872 4228 fen'a
885 4162 994 4228 quarta
1007 4151 1152 4231 (proxime
1162 4178 1171 4212 .·
1193 4156 1262 4226 608,
1279 4155 1341 4234 61).

284 4234 449 4308 preterita:
470 4252 518 4307 43,
536 4235 609 4310 581,,
627 4235 696 4305 608,
713 4237 762 4307 61,
777 4236 809 4292 P.
829 4253 874 4308 74.

256 4325 281 4372 ÷
300 4314 383 4371 Deus
408 4314 459 4389 qui
487 4315 526 4373 de
551 4315 638 4374 beate
667 4315 763 4375 Marie
791 4315 930 4392 Virginis,
954 4325 990 4372 ut
1011 4317 1043 4372 in
1064 4317 1168 4393 prima
1196 4316 1341 4376 domenico

292 4393 456 4452 aduentus:
478 4397 542 4472 581,
559 4397 624 4454 601.
