3066 5092
456 369 512 417 DE
528 368 641 417 MISSA
659 368 717 417 ET
729 367 920 420 PARTIBUS
935 368 1033 419 EIUS.
1298 365 1347 431 385

137 517 236 576 omnis
247 535 298 593 qur
309 516 471 574 effectuose
481 514 609 575 intendit
618 515 721 574 audire
732 514 862 587 missam,
875 515 966 575 debet
976 533 1042 574 esse
1052 514 1082 573 in
1094 533 1162 574 vera
1172 513 1350 574 contritione

135 609 165 658 et
179 597 363 674 penitentiali
378 596 438 654 vita
451 595 647 654 constitutus:
662 607 694 655 vt
708 596 801 673 possit
815 615 884 655 vere
898 596 997 655 dicere
1010 596 1073 655 tria

175 681 321 737 Pn‘mum.
365 677 566 753 Omnipotens
580 677 654 737 deus
668 677 795 754 grauiter
815 688 845 736 te
865 676 995 737 offendi:
1016 676 1100 753 quod
1114 676 1226 754 penitet
1247 696 1296 736 me
1311 696 1346 736 ex

134 762 345 901 totgppppim.
383 837 583 915 Omnipotens
597 838 672 898 deus
683 839 781 898 habeo
791 839 906 898 bonum
917 838 1103 916 propositum
1117 857 1186 898 cum
1197 838 1345 898 adiutorio

132 933 185 981 tuo
200 923 230 980 in
246 923 343 981 futuro
359 939 407 979 me
420 918 569 979 custodire
582 919 623 978 ab
638 920 779 979 omnibus
792 921 922 997 peccatis
938 919 1111 979 mortalibus
1125 931 1155 979 et
1169 919 1345 979 incitationi-

134 1001 542 1158 buaejnbpxoegbilnimtens
553 1081 628 1141 deus
638 1082 737 1141 habeo
746 1082 858 1141 bonam
870 1083 1055 1141 voluntatem
1066 1100 1199 1158 congruo
1211 1092 1344 1158 tempore

131 1175 161 1224 et
186 1167 253 1224 loco
275 1163 438 1223 confitendi
461 1174 583 1239 peccata
605 1182 672 1222 mea
693 1162 859 1222 secundum
883 1174 969 1222 tuum
993 1174 1167 1240 preceptum
1188 1174 1218 1222 et
1242 1175 1344 1222 sancte

133 1246 233 1305 matris
247 1245 371 1305 ecclesie
386 1243 613 1303 ordinationem.

506 1374 652 1434 Sumenda
665 1393 773 1449 aquam
787 1374 969 1433 benedictam.

172 1484 273 1540 Presta
287 1481 377 1540 michi
391 1479 515 1540 domine
528 1481 602 1538 deus
616 1499 670 1558 per
683 1481 762 1540 hanc
771 1491 935 1540 creaturam
949 1499 1028 1557 aque
1042 1481 1199 1539 sanitatem
1211 1481 1320 1540 mentis
1334 1503 1340 1539 :

129 1563 326 1640 integritatem
337 1561 486 1637 corporis:
501 1563 624 1620 tutelam
635 1562 755 1620 salutis:
770 1561 957 1621 securitatem
972 1561 1054 1638 spei:
1068 1561 1341 1622 corroborationem

130 1645 218 1703 fidei:
233 1645 358 1702 fructum
373 1642 523 1701 eharitatis
538 1661 618 1701 nunc
632 1653 662 1701 et
675 1642 706 1700 in
721 1643 829 1702 futuro.
866 1645 974 1701 Amen.

433 1773 628 1833 Pretercundo
641 1774 795 1851 irnnginem
808 1775 947 1851 mnfixi,
962 1776 1014 1833 dic.

169 1883 257 1940 Salua
268 1900 323 1939 nos
334 1880 443 1939 christe
451 1882 579 1940 saluator
588 1899 640 1957 per
647 1879 785 1940 virtutem
797 1891 898 1940 sancte
908 1880 1004 1940 crucis
1014 1903 1021 1940 ε
1033 1880 1084 1957 qui
1095 1881 1214 1940 saluasti
1225 1892 1340 1958 petrum

129 1963 159 2021 in
175 1961 246 2020 mari
263 1963 399 2020 miserere
413 1960 509 2020 nobis.

168 2045 209 2103 V.
232 2043 339 2103 Omnis
360 2054 435 2102 terra
463 2043 566 2102 adoret
587 2053 617 2101 te
637 2043 712 2102 deus
736 2053 766 2102 et
786 2045 891 2120 psallat
912 2042 973 2102 tib't
1017 2044 1056 2114 R.
1080 2045 1233 2102 Psalmum
1260 2045 1340 2103 dicat

130 2144 244 2182 nomrnr
263 2136 324 2182 tuo.

171 2206 283 2264 Oratio
328 2206 411 2263 Deus
432 2205 483 2280 qui
505 2215 638 2264 sanctam
665 2222 784 2263 crucem
811 2204 988 2264 ascendisti:
1017 2215 1046 2264 et
1074 2205 1178 2265 mundi
1202 2205 1340 2265 tenebras

127 2285 314 2344 illuminasti:
337 2297 369 2344 tu
382 2287 473 2344 corda
487 2296 516 2344 et
530 2304 654 2362 corpora
668 2297 769 2344 nostra
788 2304 840 2362 per
854 2286 991 2345 virtutem
1005 2298 1107 2345 sancte
1121 2286 1215 2346 crucis
1236 2287 1341 2346 illumi·

128 2386 198 2425 nare
209 2367 337 2443 dignare.
382 2367 442 2441 Qui
453 2366 527 2424 viuis
541 2378 571 2425 et
585 2385 689 2444 regnas
700 2385 769 2425 curn
784 2367 842 2425 deo
853 2377 935 2442 patre
949 2367 980 2425 in
991 2366 1102 2427 vnitate
1113 2368 1231 2445 spiritus
1245 2368 1339 2427 sancti

126 2449 209 2507 deus.
253 2450 309 2506 Per
323 2448 423 2505 omnia
436 2449 536 2506 secula
550 2450 725 2506 seculorum.
769 2448 876 2506 Amen.

161 4512 283 4556 ROMAN.
307 4513 338 4555 ll.
