3066 5092
159 369 239 429 nom]

185 695 243 746 line.

203 783 238 834 ¹4

202 861 235 920 Ι5

203 927 238 983 16

203 1025 236 1079 ¹7

203 1090 237 1145 18

202 1349 237 1405 ²3

198 1430 236 1485 34

200 1590 236 1649 35

219 2053 238 2103 4

224 4157 239 4214 5

347 370 373 416 S.
396 368 590 416 CAESARII:
606 368 633 417 S.
653 367 870 416 LEOMlRDI:
887 370 913 417 S.
934 367 1173 417 PROSDOCIMI.
1316 379 1364 429 249

666 598 768 678 Page
787 598 858 678 396.

280 763 406 821 Alleluia
424 777 448 823 ÷
466 763 609 821 Alleluia:
636 765 679 834 16,
698 764 762 839 581.

280 844 406 902 Alleluia
426 859 449 905 ÷
467 844 602 915 Alleluia,
619 844 765 902 Alleluia:
791 846 835 916 16,
854 845 917 920 581.

280 925 372 983 uincit
390 954 413 972 =
432 925 520 983 vicit:
542 927 594 982 all.

281 1018 360 1064 tenet
379 1034 404 1053 =
423 1018 544 1064 tenens:
567 1008 617 1063 all.
661 1005 791 1066 Celestia
808 1020 831 1066 ÷
849 1005 996 1064 Alleluia:
1021 1007 1066 1077 16,
1084 1006 1147 1081 581.

278 1089 457 1161 euangelium
476 1116 500 1134 =
518 1088 677 1145 Secundum
692 1087 881 1145 Malliacum:
894 1089 942 1158 08,
962 1088 1006 1157 16,
1024 1106 1070 1161 30,
1087 1106 1134 1156 40.
1175 1085 1366 1160 ...Sequentia

319 1170 415 1225 sancti
426 1169 571 1240 euangelii
581 1170 733 1226 secundum
748 1168 937 1226 Malliacum:
960 1168 1024 1244 581,
1041 1168 1110 1238 608,
1127 1169 1174 1225 61.

287 1263 311 1309 ÷
329 1251 376 1307 Et
387 1250 495 1306 dtiitar
507 1250 626 1309 Credo:
649 1250 713 1325 581,
730 1250 795 1321 601,
812 1251 859 1306 61.

281 1349 354 1407 pace
373 1344 397 1390 ÷
414 1331 559 1389 Alleluia:
583 1350 629 1405 30,
646 1350 693 1400 40.

286 1426 310 1472 ÷
319 1412 449 1469 Secrcada
463 1413 508 1469 dic
521 1412 629 1469 dr'cr'tur
640 1412 740 1469 Missa
747 1420 807 1486 pro
819 1411 959 1486 defunctis
971 1429 1059 1485 quam
1073 1429 1125 1468 suo
1138 1411 1196 1467 loco
1216 1408 1368 1483 requiras:

323 1494 387 1567 581,
405 1494 478 1568 581.

281 1572 342 1648 ((110
361 1573 408 1643 1.).
451 1575 539 1631 Rcod
547 1597 556 1631 .·
578 1574 682 1631 Sancti
701 1574 806 1631 cesarii
830 1574 991 1643 martyris:
1022 1592 1068 1647 30,
1089 1592 1137 1643 40,
1155 1573 1219 1647 581,
1236 1572 1302 1641 601,
1318 1572 1365 1628 61.

324 1654 441 1713 Cesorri
456 1669 480 1715 ÷
498 1656 658 1729 irrortyris:
679 1672 726 1729 05,
743 1671 790 1730 09,
807 1674 855 1729 43,
873 1655 946 1730 58L,
962 1655 1031 1713 608.

666 1901 767 1980 Page
786 1914 857 1981 397.

288 2033 452 2092 ÷Scc1orda
467 2033 561 2107 drofit
572 2034 799 2090 commemoratio
819 2034 948 2091 omnium
962 2033 1098 2108 fideliam
1122 2031 1318 2106 deficmtorum
1341 2040 1369 2090 et

320 2115 430 2171 dicitur
442 2116 531 2171 na'ssa
544 2141 553 2171 .·
577 2114 729 2190 Requiem
746 2130 877 2173 eternam
892 2133 981 2188 quam
996 2116 1052 2171 loco
1066 2132 1117 2171 suo
1130 2114 1277 2171 rancores:
1299 2115 1364 2186 601,

321 2197 367 2251 61.

281 2275 343 2350 (die
359 2275 401 2351 6.)
443 2277 482 2333 ln
505 2277 601 2333 sancti
620 2277 771 2333 Lconmdi
792 2276 974 2351 confessoris:
1000 2293 1047 2352 05.
1090 2276 1130 2334 In
1152 2275 1265 2352 (-In:
1287 2273 1364 2352 581).

322 2358 426 2415 Sancti
437 2358 588 2414 leonardi
598 2356 764 2431 confessoris
778 2360 824 2416 vel
838 2358 969 2415 abbata:
991 2359 1055 2434 581,
1074 2357 1146 2432 581,.

280 2439 430 2495 Lcoaardi
441 2438 623 2512 confessoris:
646 2439 711 2508 601,
728 2440 775 2496 61.

284 2519 395 2577 Oratio.
441 2519 589 2577 llaiestati
604 2530 654 2577 tue
668 2538 831 2595 quesumus
846 2519 969 2578 domine
990 2517 1167 2576 sanctissimi
1188 2518 1366 2576 confessoris

322 2601 363 2657 tui
380 2599 526 2657 Leonardi
542 2619 597 2657 nos
612 2600 659 2676 pia
675 2600 778 2677 iugiter
792 2601 984 2658 commendet
999 2599 1093 2658 oratio
1108 2610 1139 2657 ut
1151 2617 1240 2674 quem
1253 2600 1365 2658 deuoto

321 2700 494 2738 veneramur
508 2681 607 2739 officio
620 2681 712 2758 ipsius
727 2681 864 2758 suffragio
879 2681 1069 2740 subleuemur
1082 2691 1192 2756 optato.
1237 2682 1299 2738 Per.

283 2762 402 2820 Secreta.
448 2762 625 2820 Muneribus
654 2762 743 2821 sacris
771 2774 800 2820 et
829 2762 966 2839 precibus
995 2762 1073 2820 boati
1103 2761 1249 2819 Leonardi
1279 2761 1366 2820 nobis

323 2844 446 2901 domine
471 2862 608 2902 succurre
631 2845 764 2918 placatus
790 2856 818 2901 et
842 2857 938 2920 presta
954 2854 985 2901 ut
1000 2844 1083 2918 quod
1098 2842 1224 2901 fideliter
1237 2841 1366 2918 petimus

323 2924 479 2981 efficaciter
493 2943 719 2999 consequamur.
765 2927 827 2982 Per.

282 3006 517 3062 Postcommomo.
562 3006 699 3063 Purificet
721 3024 838 3081 semper
862 3017 892 3064 et
914 3005 1027 3064 muniat
1042 3005 1084 3063 tui
1100 3023 1155 3063 nos
1169 3003 1292 3063 domine
1306 3024 1368 3064 sus·

323 3087 421 3161 ceptio
444 3087 618 3144 sacramenti
644 3096 673 3144 et
697 3086 908 3146 intercessione
931 3085 1108 3145 sanctissimi
1131 3086 1308 3144 confessoris
1323 3086 1365 3144 tui

325 3167 472 3225 Leonardi
482 3167 630 3243 perpetuis
642 3186 768 3242 peream
784 3187 949 3226 mereamur
962 3167 1077 3244 gaudiis
1091 3166 1255 3225 admisceri.
1301 3169 1363 3226 Per.

290 3263 313 3308 ÷
333 3249 371 3305 ln
396 3249 498 3307 Sancti
509 3249 689 3306 Prosdocrmr'
700 3250 821 3324 episcopi
831 3257 860 3306 et
870 3249 1034 3318 confessoris
1047 3248 1175 3306 ciuitatr's
1182 3249 1281 3323 padue
1292 3271 1301 3305 :
1317 3269 1335 3306 0
1339 3268 1364 3322 5.

286 3330 398 3387 Oratio.
444 3330 526 3387 Deus
552 3330 602 3404 qui
626 3348 682 3388 nos
706 3330 816 3388 deuota
840 3329 918 3389 beati
933 3329 1115 3407 prosdocimi
1130 3328 1308 3387 confessoris
1323 3331 1366 3388 tui

321 3422 412 3485 atque
439 3410 588 3485 pontificis
616 3410 755 3469 instantia
778 3412 817 3469 ad
845 3410 1026 3487 agnitionem
1051 3409 1093 3468 tui
1118 3408 1212 3468 sancti
1235 3412 1366 3470 nominis

322 3510 428 3549 vocare
442 3492 580 3568 dignatus
595 3512 638 3549 es:
648 3491 782 3551 concede
793 3492 951 3568 propitius:
962 3503 993 3550 ut
1004 3491 1088 3550 cuius
1097 3492 1231 3550 solennia
1240 3492 1367 3551 colimus

323 3572 410 3630 etiam
426 3572 588 3647 patrocinia
602 3573 771 3630 sentiamus.
816 3575 879 3631 Per.

284 3654 405 3712 Sccrcta.
449 3652 549 3711 Sancti
573 3654 751 3712 confessoris
776 3654 818 3712 tui
842 3654 1023 3729 prosdocimi
1047 3653 1135 3711 nobis
1160 3652 1284 3710 domine
1303 3672 1364 3711 non

320 3735 396 3792 desit
412 3736 523 3792 oratio:
539 3745 567 3791 et
580 3753 638 3808 que
652 3753 775 3792 munera
789 3748 889 3793 nostra
901 3735 1055 3793 conciliet:
1071 3747 1099 3793 et
1114 3746 1164 3793 tua
1174 3733 1261 3791 nobis
1273 3734 1368 3793 indul-

323 3816 452 3890 gentiam
468 3834 585 3890 semper
599 3815 740 3873 obtineat.
785 3818 849 3874 Per.

283 3897 518 3953 l’ostcommiooo.
565 3897 647 3954 Beati
667 3896 848 3972 prosdocimi
863 3896 1041 3955 confessoris
1056 3896 1098 3954 tui
1113 3909 1203 3973 atque
1216 3894 1366 3974 pontificis

323 3977 445 4035 domine
461 3977 599 4053 precibus
614 3978 800 4035 confidentes
814 4001 820 4035 :
835 3997 998 4054 quesumus
1013 3979 1202 4036 clementiam
1216 3992 1297 4036 tuam
1312 3999 1318 4034 :
1333 3989 1365 4036 ut

324 4078 375 4131 per
385 4077 419 4116 ea
429 4078 487 4133 que
499 4057 679 4133 sumpsimus
689 4071 790 4117 eterna
800 4060 930 4117 remedia
939 4059 1098 4134 capiamus.
1131 4061 1187 4117 Per
1196 4059 1362 4116 dominum.

284 4139 346 4211 (die
358 4142 397 4214 8).
441 4141 528 4196 Rcad
537 4163 545 4196 :
565 4141 703 4214 Qrcatuor
714 4150 914 4197 coronatorum
930 4148 1121 4215 martyrum:
1138 4159 1184 4215 30,
1201 4160 1249 4210 40.

336 4220 374 4276 la
399 4223 441 4293 (-
467 4222 505 4277 ln
516 4243 525 4277 :
539 4223 586 4290 60,
603 4220 656 4292 61)
672 4221 843 4278 Sanctorum
856 4230 1019 4294 mortemne
1029 4229 1158 4294 quatuor
1165 4229 1366 4278 coronatorum

323 4303 426 4357 :S'coerz'
439 4302 594 4358 Sertoriani
609 4302 796 4377 Carpophori
807 4311 836 4359 et
854 4303 1018 4359 dicimini:
1032 4322 1155 4375 quoram
1170 4303 1289 4359 nomina
1303 4321 1365 4359 cum

323 4402 380 4437 non
393 4383 605 4454 c'nucairentur,
615 4384 717 4439 homin
727 4385 852 4457 quinque
862 4386 895 4440 dc
909 4384 1061 4459 qur'busfi!
1073 4385 1177 4441 mena'o
1190 4385 1222 4440 in
1236 4384 1366 4441 oratione
