3066 5092
156 392 236 452 000]
667 392 692 439 S.
725 389 848 438 ROCHl.
1316 395 1363 448 005

184 531 241 580 1100.

199 617 234 673 3²
278 599 384 691 Read:
405 599 505 691 'Beate
531 599 634 655 Maria
675 597 825 672 Virginis:
860 597 907 654 all
936 605 1033 671 earept
1066 596 1112 666 08,
1150 594 1243 652 0011ιῖ1
1278 594 1362 650 omits

287 680 531 822 ÷1iiitrgtiiiisaw
554 779 600 835 30,
616 779 664 831 40.

665 989 766 1069 Page
787 988 857 1069 369.

221 1118 239 1173 8
280 1128 402 1191 parte:
421 1126 535 1191 partes:
557 1117 606 1172 all.

205 1200 239 1254 18
281 1196 408 1254 Alleluia
427 1210 451 1258 ÷
470 1197 614 1254 Alleluia:
640 1199 684 1268 16,
702 1197 766 1273 581.

205 1297 240 1353 19
282 1279 454 1354 angelorum
473 1292 498 1338 ÷
516 1276 663 1336 Alleluia:
690 1280 733 1349 16,
752 1278 815 1354 581.

203 1379 240 1416 20
280 1359 404 1433 Prefix:
427 1359 580 1434 Sequentia
607 1360 703 1416 sancti
731 1358 892 1433 euangelii:
928 1376 975 1432 43,
1004 1356 1068 1431 581,
1095 1356 1168 1431 581,
1196 1359 1263 1426 601,
1294 1354 1365 1425 608,

324 1442 371 1496 61.

205 1540 237 1577 21
283 1520 402 1578 intrauit
418 1549 442 1567 =
459 1519 608 1579 introiuit:
634 1523 677 1578 16.

204 1621 241 1677 30
291 1616 315 1662 ÷
333 1601 450 1661 Credo:
474 1603 537 1679 581,
555 1603 628 1678 58L,
646 1602 711 1673 601,
728 1604 775 1658 61.

203 1702 241 1757 34
292 1694 379 1741 -etz
402 1703 448 1758 09,
465 1702 513 1758 43,
530 1684 595 1741 601.

204 1767 241 1838 36
291 1778 315 1826 ÷
333 1765 512 1838 Presatr'ode
534 1764 670 1838 Virgine:
693 1763 757 1840 581,
776 1763 841 1839 58L
880 1761 962 1820 ...Et
977 1773 1006 1820 te
1021 1760 1051 1817 in
1066 1759 1269 1834 assumptione
1281 1759 1367 1818 beate

327 1846 441 1903 Marie:
464 1845 528 1916 601,
546 1847 592 1902 61.

670 2079 771 2159 Page
791 2089 862 2157 370.

228 2230 239 2267 1
284 2213 360 2270 beate
376 2225 401 2273 ψ
419 2213 539 2270 Marte:
561 2215 608 2283 08,
628 2215 672 2283 16,
684 2231 730 2286 30,
747 2231 794 2282 40,
812 2211 876 2287 581,
895 2212 967 2287 581,.
991 2212 1099 2268 etread
1107 2233 1117 2268 .·
1137 2211 1168 2268 in
1179 2212 1240 2269 cius
1248 2221 1369 2270 octaua:

327 2310 374 2368 05,
392 2313 438 2367 09,
455 2313 502 2369 43,
521 2294 585 2370 581,
604 2294 676 2369 581,,
693 2293 758 2364 601,
775 2293 844 2363 6oS,
862 2296 908 2350 61.
1427 2310 1430 2315 ·

284 2372 346 2449 (die
364 2373 421 2450 16).
440 2388 464 2434 ÷
482 2376 521 2432 ln
537 2373 579 2450 (-
597 2375 637 2432 In
649 2397 659 2432 .·
681 2375 745 2451 581,
757 2374 822 2445 601,
839 2371 1298 2450 6r,)sattctiRochiconsrssoris:
1320 2391 1366 2450 05,

329 2475 375 2530 09,
394 2456 458 2531 581,
475 2456 549 2530 581,
567 2457 631 2527 601,
648 2459 695 2513 61.

286 2537 440 2593 Introitus.
484 2536 737 2613 Congratulamini
752 2555 856 2595 omnes
871 2535 900 2594 in
916 2535 1049 2606 domino,
1065 2533 1145 2594 diem
1168 2535 1246 2594 beati
1270 2535 1367 2594 Rochi

328 2630 596 2675 commemorantes
624 2617 654 2674 in
677 2617 761 2674 00103
784 2615 1069 2676 commemoratione
1096 2618 1203 2674 letatur
1227 2615 1368 2674 ecclesia:

329 2699 414 2773 plebs
429 2700 555 2756 exultat:
578 2711 607 2755 et
621 2698 716 2772 angeli
731 2699 833 2756 dulces
848 2699 920 2756 dant
941 2697 1085 2755 melodias
1106 2696 1257 2756 dicentes:
1279 2698 1370 2773 gloria

328 2778 381 2836 tibi
411 2779 552 2837 domine:
587 2779 638 2854 qui
667 2780 754 2836 talem
792 2779 886 2835 virum
919 2779 1120 2836 consessorem
1149 2778 1269 2854 elegisti.
1319 2788 1367 2853 ps.

329 2859 412 2918 Beati
427 2860 608 2919 immaculati
632 2859 663 2916 in
687 2858 740 2930 via,
763 2858 815 2934 qui
839 2859 993 2917 ambulant
1016 2859 1047 2915 in
1073 2859 1137 2933 lege
1161 2858 1284 2916 domini.
1326 2861 1368 2919 ts.

328 2941 438 2999 Gloria.

289 3022 401 3081 Oratio.
447 3023 538 3093 Deus,
551 3021 601 3097 qui
617 3040 649 3079 es
663 3020 807 3097 gloriosus
821 3021 851 3078 in
867 3020 958 3096 gloria
972 3032 1160 3079 sanctorum:
1183 3019 1234 3096 qui
1255 3021 1373 3079 cunctis

325 3103 365 3161 ad
387 3121 491 3161 eorum
514 3102 676 3177 patrocinia
699 3101 926 3172 confluentibus,
957 3120 1010 3160 sue
1038 3102 1188 3177 petitionis
1210 3103 1369 3160 salutarem

327 3196 439 3259 prestas
465 3184 624 3242 ellectum:
647 3183 779 3241 concede
804 3182 884 3257 plebi
910 3192 980 3240 tue:
1001 3192 1034 3241 01
1056 3183 1258 3241 intercedente
1280 3183 1372 3242 beato

330 3266 437 3323 Rocho
452 3266 623 3323 consessore
637 3276 706 3322 tuo:
728 3283 787 3339 que
812 3263 841 3321 in
868 3263 930 3321 eius
945 3262 988 3339 (in
1011 3263 1113 3321 cuius:
1137 3265 1212 3340 581,,
1227 3265 1292 3335 601,
1317 3262 1372 3341 61)

327 3346 497 3404 celebritate
512 3365 543 3404 se
558 3347 698 3404 deuotam
713 3344 832 3403 exhibet
846 3366 852 3401 :
874 3363 892 3402 a
906 3345 1048 3420 languore
1061 3355 1091 3403 et
1105 3344 1252 3422 epidemie
1266 3357 1370 3421 peste:

326 3447 416 3502 quam
442 3426 471 3484 in
497 3445 552 3485 suo
575 3445 705 3503 corpore,
729 3444 783 3502 pro
799 3424 841 3483 tui
865 3425 994 3485 nominis
1016 3426 1108 3501 gloria
1132 3445 1235 3502 passus
1255 3437 1307 3500 est,
1331 3426 1370 3487 sit

325 3509 463 3566 liberata:
486 3521 515 3566 et
529 3520 582 3566 tuo
596 3507 710 3566 nomini
726 3525 842 3582 semper
855 3506 892 3564 sit
905 3507 1023 3565 deuota.
1067 3509 1131 3565 Per.

286 3591 423 3664 Epistola
444 3591 475 3646 in
489 3590 634 3647 communi
657 3590 745 3645 00003
769 3588 916 3661 inartvn's.
960 3587 1141 3646 Charissime
1164 3590 1284 3649 Memor
1305 3603 1368 3651 esto

326 3671 480 3728 dominum
497 3681 630 3727 nostrum
646 3670 747 3728 lesum
761 3668 933 3727 Christum:
956 3670 1021 3744 581,
1038 3670 1111 3745 581,.

290 3753 447 3809 ...Memor
460 3764 524 3809 esto
539 3750 694 3809 dominum
704 3762 837 3807 nostrum
850 3751 950 3807 Iesum
966 3749 1125 3808 Christum.
1170 3752 1218 3808 De
1228 3755 1372 3812 communi

329 3833 415 3888 00103
430 3834 586 3905 martvris:
609 3832 673 3903 601,
691 3834 737 3888 61.

290 3914 450 3973 Graduale.
495 3913 564 3971 Tibi
572 3925 675 3970 sancto
688 3912 796 3969 Rocho
808 3912 904 3969 honor
913 3909 950 3968 sit
960 3927 990 3968 et
1001 3911 1093 3986 gloria
1107 3933 1113 3968 :
1135 3923 1164 3970 et
1173 3912 1368 3990 deprecantes

324 3994 405 4069 apud
420 4005 503 4051 tuum
525 3995 633 4052 celeste
657 4012 787 4050 numen:
808 3992 866 4050 tuis
889 3991 1026 4066 precibus
1047 4011 1065 4049 a
1089 3994 1196 4052 morbo
1220 3996 1369 4072 epidemie

328 4077 426 4132 saluos
449 4075 547 4133 redde.
590 4076 629 4133 λ’.
674 4075 741 4144 Fac,
765 4090 934 4149 quesumus,
958 4072 1044 4131 beate
1066 4075 1220 4133 consessor
1239 4077 1367 4137 Christi:

330 4169 361 4213 ut
375 4156 456 4229 apud
479 4157 570 4214 deum
598 4174 700 4230 preces
725 4167 825 4212 nostre
853 4172 913 4211 non
936 4153 993 4211 sint
1015 4173 1110 4212 vane:
1132 4167 1161 4214 et
1183 4157 1270 4216 nobis
1291 4159 1365 4218 aeris

327 4237 499 4312 temperiem
514 4237 662 4295 concede:
686 4247 718 4294 ut
729 4248 757 4294 et
769 4235 798 4293 in
809 4235 869 4293 fine
883 4244 980 4292 tecum
992 4235 1022 4292 10
1037 4235 1107 4294 00113
1118 4240 1369 4313 congratulemur.

328 4319 366 4376 tl.
413 4318 591 4376 Halleluiah.
643 4317 671 4376 Ο
700 4317 786 4374 beate
814 4317 966 4374 consessor
995 4316 1108 4388 Roche‚
1137 4336 1226 4393 quam
1259 4340 1366 4397 magna

327 4399 407 4474 apud
435 4399 524 4457 deum
554 4409 622 4456 sunt
651 4397 751 4455 merita
778 4409 826 4454 tua
848 4395 957 4472 quibus
985 4395 1178 4473 (quesumus:
1217 4403 1281 4473 601,
1313 4402 1366 4480 61)

208 4495 383 4538 10000.11
1264 4500 1284 4551 Q
