3066 5092
156 377 236 437 noo]
523 379 549 426 S.
570 378 782 427 AUGUSTINI
801 379 991 427 DOCTORlS.
1318 391 1365 440 229

187 515 243 564 line.

284 581 479 656 Offertoriuni.
525 583 560 639 ln
580 582 686 641 virtute
711 594 761 641 tua
786 583 908 641 domine
933 582 1070 641 letabitur
1094 582 1204 642 iustus:
1227 594 1256 642 et
1279 601 1367 658 super

322 663 447 720 salutare
472 674 556 721 tuun1
580 664 721 722 exultabit
746 665 952 723 vehementer:
974 664 1153 723 desiderium
1178 665 1277 723 anime
1303 663 1365 723 eius

323 743 447 802 tribuisti
463 744 498 802 ei.

282 827 403 883 Secreto.
446 827 546 883 Presta
574 844 737 900 quesumus
764 826 954 900 omnipotens
983 827 1077 885 deus:
1106 839 1138 884 ut
1166 828 1242 885 sicut
1263 827 1368 885 beatus

325 905 496 964 Lodouicus
511 908 663 964 consessor
678 919 753 976 tuuS,
770 926 821 983 per
835 907 1048 965 abundantiam
1064 908 1154 984 gratie
1169 920 1225 978 tue,
1240 907 1369 966 oblecta-

325 990 431 1044 mentis
447 987 647 1046 mundialibus
663 988 774 1064 spretis‚
792 987 847 1046 soli
870 988 928 1064 regi
953 987 1072 1047 Christo
1096 991 1212 1064 placere
1232 989 1366 1047 studuit:

326 1067 365 1125 ita
380 1067 442 1125 eius
457 1068 551 1126 oratio
567 1087 621 1126 nos
637 1068 690 1126 tibi
706 1069 810 1127 reddat
824 1080 972 1146 acceptos.
1017 1072 1080 1128 Per.

288 1150 464 1207 Cornnnnno.
510 1149 618 1208 Fidelis
633 1169 735 1208 seruus
804 1150 890 1208 tritici
906 1169 1082 1209 mensuram.

284 1231 521 1288 Pasicommrnuo.
568 1233 649 1289 Deus
663 1230 715 1306 qui
729 1232 841 1289 almum
862 1233 1063 1289 consessorem
1080 1243 1162 1290 tuum
1180 1230 1368 1290 Lodouicum

325 1310 485 1369 mirificasti
514 1311 543 1368 in
572 1312 674 1370 terris:
697 1331 879 1388 quesumus:
908 1312 1020 1370 utiam
1051 1313 1080 1370 in
1109 1312 1179 1370 celis
1207 1312 1368 1389 gloriosum

325 1393 463 1449 eflectum
494 1393 618 1451 ecclesie
647 1404 696 1451 tue
724 1392 887 1451 constituas
916 1393 1124 1451 defensorem:
1154 1411 1279 1469 eamque
1308 1392 1370 1451 eius

326 1473 463 1547 precibus
498 1485 527 1531 et
563 1474 672 1532 meritis
699 1475 739 1532 ab
767 1474 849 1531 omni
877 1474 1055 1533 aduersitate
1083 1474 1206 1533 liberare
1230 1473 1369 1560 digneris.

326 1557 388 1612 Per.

207 1638 243 1692 28
286 1635 348 1711 (die
380 1634 438 1709 28).
482 1637 569 1693 Rend
579 1659 588 1692 .·
625 1638 665 1694 In
685 1635 763 1709 sesto
790 1637 911 1694 Aurelii
936 1636 1100 1711 Augustini
1124 1637 1244 1694 doctoris
1271 1636 1375 1693 exinu'i

325 1717 446 1791 episcopi
456 1725 485 1772 et
496 1717 680 1790 confessoris:
702 1736 748 1794 05.

340 1798 463 1870 Jufcsto
475 1799 571 1855 sancti
582 1810 657 1856 etc:
679 1819 726 1872 09,
744 1799 812 1856 6oS.
866 1831 887 1839 -
907 1799 946 1855 In
958 1821 968 1854 .·
990 1818 1037 1870 40.

206 1894 242 1952 35
287 1891 317 1935 ut
338 1890 434 1936 :etz
457 1881 607 1953 attexant
619 1881 666 1936 81.

206 1962 243 2032 38
294 1973 317 2018 ÷
335 1961 429 2016 Lecton
452 1960 523 2017 libri
542 1961 687 2034 sapientie.
733 1961 813 2018 Ecce
836 1960 974 2018 sacerdos
1043 1959 1134 2036 gloria
1158 1970 1226 2018 tua:
1248 1977 1296 2036 05,
1323 1980 1369 2034 ος,

327 2060 373 2114 43,
392 2041 455 2116 581,
474 2042 546 2116 58L,
564 2041 628 2113 601,
647 2042 714 2111 60S‚
733 2043 779 2099 61.

673 2227 775 2307 Page
794 2238 863 2306 374.

288 2351 471 2407 N.B.--Tlu
481 2359 588 2426 ports:
610 2352 790 2426 Doindepro
804 2352 933 2408 heericu.
981 2351 1094 2408 Oratio.
1139 2353 1222 2409 Deus
1244 2349 1293 2426 qui
1316 2360 1371 2408 etc.

327 2432 400 2488 Alia
431 2433 549 2501 Secreta,
576 2431 758 2490 Sacrificium
785 2444 840 2490 ete.
884 2433 957 2490 Ali'a
974 2433 1209 2507 postcommunio.
1255 2432 1372 2506 Repleti

329 2526 384 2569 etc.
409 2532 460 2569 ore
479 2513 581 2587 placed
600 2514 632 2568 in
657 2515 749 2584 order,
766 2514 845 2584 after
867 2516 885 2570 l.
905 2533 956 2587 30,
970 2516 1000 2568 in
1023 2514 1073 2583 oll,
1090 2514 1154 2568 and
1165 2513 1211 2570 tlu
1224 2513 1312 2570 Mem
1333 2513 1372 2570 In

322 2593 400 2666 sesto
414 2595 578 2666 Augustini
589 2595 615 2651 is
623 2595 775 2669 presented
788 2594 1050 2668 ritrinterrrqttodit'.

248 2695 266 2748 9
310 2675 436 2731 Alleluia
455 2688 478 2734 ÷
498 2675 642 2733 Alleluia:
669 2677 712 2745 16,
731 2676 795 2750 581.

331 2775 397 2811 eum
415 2769 439 2815 ÷
457 2756 601 2813 Alleluia:
627 2759 670 2828 16,
689 2758 753 2831 581.

233 2856 266 2893 10
311 2837 418 2893 Inueni
444 2849 499 2894 etc.
520 2865 544 2883 =
563 2837 729 2914 Augustini:
754 2839 802 2894 lux
826 2838 982 2895 doctorum
1000 2837 1216 2894 firmamentum
1233 2835 1374 2894 ecclesie:

329 2919 451 2974 malleus
464 2918 656 2976 hereticorum
669 2941 675 2975 ε
698 2938 848 2976 summum
858 2937 909 2975 vas
920 2918 1060 2976 scientie:
1082 2936 1136 2994 pro
1151 2917 1208 2975 tuis
1220 2916 1356 2975 fidelibus
1369 2939 1375 2973 ε

331 3017 400 3072 roga
442 2999 531 3056 deum
581 3018 751 3074 quesumus.
816 2999 952 3057 Alleluia.
1015 2999 1055 3057 il.
1118 2997 1285 3073 Augustine
1325 2999 1374 3055 lux

332 3080 507 3137 doctorum:
530 3080 584 3137 llos
600 3081 748 3155 presulum
764 3080 815 3154 qui
830 3082 929 3138 clausa
951 3079 1101 3138 reserasti:
1123 3079 1175 3155 qui
1191 3097 1272 3137 sacre
1287 3079 1375 3137 nobis

330 3161 470 3234 poculum
482 3161 616 3219 doctrine
631 3161 812 3236 propinasti:
835 3172 863 3218 et
879 3162 996 3219 hereses
1011 3160 1178 3219 damnasti:
1201 3179 1255 3218 nos
1271 3159 1374 3217 visita:

329 3260 383 3298 nos
399 3241 526 3299 suscita:
549 3241 598 3317 qui
615 3242 704 3300 vitam
719 3242 885 3317 predicasti.
929 3242 1065 3300 Alleluia.
1108 3242 1148 3300 is.
1192 3240 1375 3300 Osanctita-

330 3323 366 3379 tis
395 3324 566 3396 speculum:
599 3323 698 3381 divine
733 3322 805 3399 legis
840 3323 977 3402 emulus:
1013 3322 1168 3399 augustine
1196 3341 1248 3397 per
1276 3324 1375 3380 secula

331 3405 409 3460 hunc
433 3423 500 3477 rege
524 3423 641 3479 gregem
668 3416 752 3462 tuum
775 3403 892 3462 christi:
915 3414 947 3461 ut
970 3415 999 3462 te
1020 3415 1159 3478 sequatur
1173 3404 1313 3461 sedulus:
1335 3404 1373 3461 ad

328 3484 437 3558 gaudia
465 3485 626 3559 perhennia
655 3496 756 3560 pater:
791 3504 852 3560 quo
887 3485 946 3542 iam
975 3484 1082 3560 preisti.
1140 3483 1275 3542 Alleluia.
1332 3485 1371 3542 is.

330 3565 430 3623 Aureli
445 3565 600 3641 augustine
615 3567 669 3624 flos
684 3567 833 3642 presulum
849 3567 958 3624 decus:
981 3567 1029 3622 lux
1045 3584 1181 3624 morum:
1204 3565 1232 3624 Ο
1247 3564 1373 3640 paradisi

330 3646 420 3703 clauis
455 3647 669 3705 archanorum:
705 3666 820 3705 memor
847 3658 910 3705 esto
936 3656 1053 3705 tuorum
1088 3645 1259 3704 dulcissime
1293 3656 1375 3722 pater

330 3727 477 3785 tiliorum:
500 3747 546 3802 05.

292 3809 322 3865 Τ
319 3809 351 3863 ire
364 3827 442 3865 sonu
460 3837 484 3855 =
501 3808 669 3885 Augustine
691 3810 740 3866 lux
809 3826 879 3884 roga
900 3809 990 3867 deum
1013 3827 1184 3883 quesumus
1225 3808 1374 3866 Alleluia:

331 3909 377 3962 09,
394 3909 442 3963 43,
460 3892 523 3966 581,
542 3891 615 3966 581,
629 3891 694 3960 601,
712 3892 779 3961 6⁰S‚
797 3892 844 3947 61.

297 3984 320 4029 ÷
341 3972 502 4044 Al’qucntin.
548 3973 595 4028 De
624 3971 777 4046 profundis
806 3970 1013 4029 tenebrarum:
1042 3971 1142 4028 lumen
1173 3969 1287 4027 mundo
1316 3968 1375 4028 exit

330 4053 459 4109 clarum:
482 4063 511 4110 et
526 4052 663 4110 scintillat
678 4051 776 4110 hodie.

289 4131 369 4190 Olim
399 4134 520 4208 quidem
543 4152 593 4191 vas
622 4135 733 4203 erroris,
758 4131 940 4208 Augustinus
968 4151 1019 4190 vas
1048 4131 1186 4190 honoris:
1215 4131 1302 4190 datus
1331 4142 1376 4189 est

329 4214 461 4272 ecclesie.

290 4294 394 4353 Uerbo
417 4295 465 4353 dei
494 4296 565 4353 dum
591 4294 713 4354 obedit:
735 4294 829 4354 credit
843 4313 941 4353 errans
966 4305 996 4353 et
1018 4293 1151 4353 accedit:
1172 4294 1213 4352 ad
1234 4292 1372 4369 baptismi

328 4387 459 4451 gratiam.
