3066 5092
159 387 191 437 74
501 377 618 427 mm
644 377 670 427 ν.
691 378 739 427 ΙΝ
754 379 854 429 CENA
872 381 1023 429 00111111.

185 522 242 571 line.

199 607 238 663 34
279 590 329 647 Ps.
349 617 374 636 =
390 590 586 664 Antiphone:
606 593 657 649 all.

199 672 237 743 36
279 671 452 744 Antiphona
469 698 493 717 =
509 671 560 728 Ps.
573 694 584 729 .·
603 674 653 729 all.

200 770 237 825 31)
280 752 329 809 Ps.
348 779 372 798 =
389 752 581 826 Antiplwna:
601 755 652 811 all.

666 929 767 1008 Page
790 929 857 995 160.

222 1081 233 1117 1
278 1062 451 1136 Antiplwna
470 1090 494 1108 =
509 1063 560 1120 Ps.
574 1084 584 1119 :
604 1064 654 1121 all.

202 1161 237 1198 10
288 1175 309 1183 -
330 1142 410 1200 iesu:
432 1162 479 1216 30.

201 1225 236 1279 16
279 1219 317 1298 17
335 1250 359 1269 =
378 1224 570 1299 Antiphone:
590 1225 640 1281 all.

201 1321 233 1376 17
278 1303 368 1362 michi
387 1318 411 1365 ÷
429 1305 511 1362 lauas
525 1304 634 1379 pedes:
656 1303 808 1380 respondit
822 1304 917 1363 iesus:
943 1306 987 1362 16.
1138 1305 1228 1364 lanas.
1251 1305 1371 1364 ...iesus

319 1395 348 1442 et
363 1384 435 1443 dixit
450 1385 484 1456 ei,
501 1385 525 1442 si
539 1403 599 1443 non
616 1387 715 1443 lauero
724 1385 777 1444 tibi
788 1386 880 1461 pedes
894 1405 955 1444 non
967 1385 1091 1444 habebis
1102 1395 1214 1462 partem
1226 1404 1345 1444 mecum
1360 1407 1370 1445 t

319 1485 366 1540 43,
385 1466 449 1541 581,
467 1467 539 1541 581,
557 1467 622 1538 601,
639 1467 707 1539 608,
724 1469 771 1524 61.

200 1549 234 1603 18
277 1547 448 1621 Antipkona
465 1574 489 1593 =
507 1547 569 1606 M:
591 1549 642 1604 all.

199 1647 235 1683 20
278 1627 367 1685 michi
384 1640 409 1689 ÷
425 1629 507 1686 lanas
521 1628 630 1704 pedes:
652 1627 804 1703 respondit
818 1627 897 1687 iesus
911 1638 940 1686 et
954 1627 1027 1687 dixit
1041 1628 1068 1686 ei
1083 1628 1107 1687 si
1121 1648 1182 1687 non
1197 1631 1297 1688 lauero
1313 1628 1368 1688 tibi

319 1711 428 1784 pedes:
454 1715 497 1767 16.

280 1834 368 1846 ......
385 1791 467 1848 lanas
512 1790 641 1866 ...pedes
670 1808 730 1847 non
760 1789 884 1849 habebis
912 1802 1025 1866 partem
1062 1808 1200 1849 mecum:
1222 1810 1270 1865 43,
1299 1792 1365 1866 581,

319 1873 392 1945 581,
409 1872 474 1941 601,
492 1872 560 1942 608,
577 1873 624 1928 61.

286 1984 307 1992 -
327 1951 457 2010 Domine
472 1954 536 2010 and
547 1953 638 2009 read:
660 1952 722 2010 M:
743 1953 794 2008 all.

198 2051 231 2088 21
287 2065 307 2073 -
326 2033 518 2108 Antsphona:
538 2035 588 2090 all.
632 2033 672 2091 ff.
690 2059 715 2079 =
733 2033 925 2107 Antiphona:
946 2034 996 2089 all.

197 2132 232 2169 22
277 2112 368 2171 michi
387 2128 411 2175 ÷
429 2115 510 2172 lanas
525 2114 634 2189 pedes:
657 2112 809 2189 respondit
823 2113 901 2171 iesus
916 2123 945 2172 et
960 2112 1032 2172 dixit
1047 2113 1091 2172 ei:
1113 2113 1137 2172 si
1160 2132 1220 2172 non
1243 2114 1366 2172 laue10:

320 2197 364 2252 16.
524 2196 605 2253 lanas
660 2195 796 2252 ...lauero
821 2193 875 2252 tibi
897 2195 990 2270 pedes
1013 2213 1075 2253 non
1097 2194 1222 2253 habebis
1250 2206 1365 2271 partem

318 2294 457 2333 mecum:
479 2295 526 2350 43,
545 2276 608 2351 581,
627 2276 699 2351 581,,
717 2276 782 2346 601,
799 2277 868 2347 608,
885 2278 932 2334 61.

197 2375 233 2430 ²3
276 2357 448 2431 Antiphona
465 2385 489 2403 =
506 2357 568 2415 M:
589 2358 640 2413 all.

197 2454 232 2512 ²5
275 2438 360 2496 013
379 2438 451 2495 Ps..·
492 2440 542 2495 all.
604 2436 707 2496 audite
763 2436 903 2496 ...orbem
931 2465 955 2484 =
984 2437 1165 2512 Ann'phona.
1231 2438 1268 2496 In
1306 2438 1367 2496 hoc

316 2530 498 2595 cognoscent
526 2536 631 2576 omnes
659 2518 728 2593 quia
756 2517 815 2576 mei
843 2517 913 2576 estis
940 2517 1077 2595 discipuli
1113 2517 1136 2576 si
1171 2517 1363 2578 dilectionem

182 2656 183 2659 ,
317 2598 478 2658 habueritis
491 2599 531 2657 ad
546 2598 674 2657 inuicem
689 2621 694 2656 :
718 2618 764 2673 30.

155 2696 200 2753 27,
216 2682 253 2737 28
275 2681 455 2756 Antiphone
518 2681 554 2738 In
587 2681 645 2738 hoc
698 2679 864 2738 ...inuicem
881 2707 906 2727 =
923 2681 973 2738 Ps.
1024 2679 1136 2739 Audite
1167 2681 1223 2738 hec
1257 2698 1367 2739 omnes

315 2773 418 2837 gentes
432 2783 438 2818 ε
459 2760 580 2819 auribus
594 2759 736 2837 percipite
750 2780 855 2820 omnes
870 2760 921 2836 qui
935 2760 1074 2819 habitatis
1088 2760 1209 2819 orbem:
1232 2780 1280 2836 30.

194 2861 231 2916 29
272 2842 312 2900 ff.
332 2869 357 2889 =
376 2843 569 2917 Ammona:
590 2844 640 2899 all.

660 3041 761 3121 Page
785 3042 852 3106 161.

216 3197 227 3234 1
272 3177 444 3250 Antiphone
461 3203 486 3221 =
502 3176 565 3234 M:
586 3178 636 3233 all.

213 3277 229 3333 3
274 3256 376 3314 uiuum
396 3271 420 3318 ÷
437 3258 476 3315 .ὧῖ
489 3273 498 3308 .·
520 3259 568 3328 08,
584 3277 631 3330 09,
649 3276 696 3331 43,
714 3258 778 3331 581,
797 3258 870 3332 5814
886 3258 952 3327 601,
969 3257 1037 3327 608,
1055 3258 1102 3314 61.

212 3359 231 3410 4
272 3356 356 3395 amor
373 3351 396 3398 ÷
415 3338 490 3396 deus
506 3337 546 3395 ibi
561 3348 622 3395 est:
644 3357 691 3412 43,
710 3338 774 3413 581,
793 3339 865 3413 581,,
883 3338 948 3409 601,
965 3338 1034 3409 608,
1051 3339 1099 3395 61.

212 3422 230 3476 6
272 3419 445 3493 Antiphona
463 3446 487 3464 =
506 3419 545 3477 V.
559 3441 568 3476 :
589 3420 639 3475 all.

195 3520 230 3558 10
282 3533 303 3540 -
322 3518 423 3557 amor:
446 3519 492 3573 30,
510 3519 557 3570 40.
600 3518 685 3557 amor
702 3512 725 3559 ÷
743 3501 817 3557 deus
833 3498 874 3557 ibi
888 3510 951 3557 est:
974 3519 1012 3574 43
1029 3501 1093 3556 and
1103 3500 1183 3556 asin
1199 3501 1218 3557 l.
1235 3519 1264 3571 4.

194 3602 230 3653 14
272 3579 386 3640 Caritas
405 3594 429 3642 ÷
447 3592 475 3638 et
489 3598 592 3638 amor:
619 3582 662 3637 16.
706 3580 821 3639 Caritas
835 3591 864 3638 et
878 3598 962 3638 arnor
980 3594 1005 3641 ÷
1022 3581 1095 3639 deus
1107 3582 1171 3637 and
1188 3599 1222 3638 as
1236 3581 1267 3636 in
1283 3582 1363 3638 last:

194 3760 227 3816 17
281 3776 301 3783 -
320 3744 412 3800 deus:
435 3743 503 3799 608.

194 3828 228 3881 18
271 3823 384 3883 Caritas
401 3837 426 3885 ÷
443 3833 471 3880 et
492 3842 595 3880 amor:
622 3825 665 3880 16.
723 3822 844 3882 Caritas,
910 3837 934 3884 ÷
966 3834 995 3881 et
1029 3841 1113 3881 amor
1141 3823 1215 3881 deus
1244 3834 1298 3881 etc.
1326 3841 1362 3881 as

311 3905 403 3961 above.

191 4006 225 4043 22
270 3984 383 4045 Caritas
401 3998 424 4045 ÷
441 4003 475 4041 as
488 3984 520 4040 in
535 3986 611 4041 last:
637 3987 680 4042 16.
724 3984 838 4044 Caritas
855 3998 879 4046 ÷
896 3995 925 4043 et
939 4003 1023 4043 amor
1037 3984 1111 4043 deus
1126 3996 1180 4042 ete.
1196 4003 1231 4042 as
1244 3985 1338 4042 above.

191 4086 226 4142 23
270 4065 433 4142 Coniungit
453 4099 474 4106 -
492 4075 538 4122 et:
564 4068 607 4136 16,
627 4065 690 4139 581,
708 4067 772 4123 601.
816 4065 958 4142 disiungit
976 4099 998 4108 -
1016 4077 1064 4124 et:
1086 4084 1134 4140 43,
1152 4067 1225 4141 581,,
1243 4066 1308 4123 601.

191 4151 227 4206 26
270 4146 384 4207 Caritas
403 4180 424 4187 —
443 4157 471 4203 et
493 4164 596 4202 amor:
623 4148 666 4203 16.
710 4146 865 4209 Caritas-t
884 4160 913 4204 et
937 4166 1022 4206 amor
1049 4147 1123 4205 deus
1152 4146 1194 4205 ibi
1222 4156 1286 4204 est:
1308 4165 1357 4221 43,

313 4229 376 4303 581,
395 4229 467 4302 581,
485 4228 550 4298 601,
567 4228 635 4299 608,
654 4228 700 4284 61.

189 4330 227 4386 30
271 4308 384 4368 Caritas
403 4321 427 4369 ÷
447 4319 475 4365 et
489 4325 589 4365 amor:
616 4309 659 4365 16.
704 4307 817 4367 Caritas
834 4322 857 4369 ÷
875 4320 904 4367 et
919 4319 972 4365 etc.
989 4326 1024 4365 as
1037 4309 1069 4365 in
1084 4310 1149 4366 last.

189 4412 224 4468 31
269 4389 442 4463 Antiphona
459 4402 483 4449 ÷
500 4388 559 4447 M:
581 4391 632 4446 all.
