3066 5092
159 375 233 437 tm]
255 376 283 424 S.
303 375 453 425 FELICIS
468 375 516 424 IN
528 376 672 427 PINCIS:
689 379 715 426 S.
736 377 942 428 1111111113.
963 367 1174 435 BERNleDL
1194 377 1250 425 ΕΤ
1248 376 1276 426 C.
1322 375 1368 437 169

672 590 774 669 Page
788 589 858 668 306.

172 667 233 718 line.

226 755 238 795 1
284 734 413 793 Alleluia
436 750 459 798 ÷
483 736 637 796 Alleluia:
657 740 701 810 16,
720 740 784 815 581.

226 837 241 876 2
286 834 356 874 meo
379 830 402 878 ÷
425 816 569 877 Alleluia:
589 821 633 892 16,
652 820 716 896 581.

223 901 242 957 6
284 897 462 957 confessoris
485 928 510 947 =
532 900 682 977 martyris:
697 903 748 958 all.

222 983 242 1038 8
284 980 438 1056 peruenire
459 1008 484 1028 =
506 981 661 1060 prouenire
674 1004 680 1039 :
695 984 745 1039 all.

220 1080 239 1136 9
283 1064 313 1121 in
329 1062 426 1136 capite
447 1090 472 1110 ι·
493 1082 580 1141 super
593 1074 682 1138 caput
696 1085 702 1120 :
717 1083 764 1137 09,
780 1082 828 1138 43,
846 1063 909 1139 581,
927 1064 1000 1139 581,
1018 1064 1082 1134 601,
1099 1063 1167 1133 608,
1185 1064 1232 1120 61.

365 1144 629 1221 NBe-Epistola
651 1146 715 1202 and
735 1145 934 1218 Euangeliou:
948 1163 1000 1201 are
1013 1145 1086 1202 cited
1097 1145 1129 1200 io
1144 1163 1191 1218 43,
1209 1143 1274 1220 581,
1293 1143 1367 1218 581,,

324 1226 389 1297 601,
406 1227 442 1282 61
451 1225 534 1301 from
553 1226 710 1286 Commune
723 1226 811 1283 11111111
825 1226 972 1296 1110111111.

284 1304 348 1383 (die
360 1306 410 1383 15)
427 1320 451 1368 ÷
467 1309 596 1366 Missam
605 1307 638 1364 de
649 1307 763 1364 nomiae
773 1308 840 1365 Iesu
854 1326 939 1381 quere
951 1307 1025 1364 ct'rco
1031 1307 1124 1382 finem
1139 1306 1266 1363 missalis
1275 1328 1285 1362 .·
1301 1305 1364 1381 581.

340 1386 466 1452 11111101
481 1391 515 1446 de
529 1390 642 1446 nominc
656 1389 715 1445 iesu
729 1407 834 1462 quere:
851 1389 923 1464 581,.
968 1384 1032 1467 [See
1045 1389 1140 1458 below,
1158 1407 1185 1462 p.
1202 1406 1219 1462 3
1223 1381 1284 1465 34]

355 1469 458 1528 Sancti
483 1471 595 1528 Mauri
619 1469 750 1527 obbatis:
782 1470 844 1545 581.
887 1471 921 1527 de
948 1470 1092 1526 cumomni
1116 1469 1281 1542 confessoris
1310 1486 1366 1524 11011

319 1551 485 1625 pontificis:
500 1552 574 1628 58L.

285 1631 398 1690 Oratio.
444 1633 533 1700 Deus,
550 1632 602 1708 qui
616 1644 714 1690 eterne
728 1631 818 1707 glorie
829 1630 1002 1708 participem
1014 1630 1186 1690 concessisti
1195 1629 1256 1688 lieri
1266 1628 1370 1688 beatis·

327 1711 435 1771 simum
474 1714 613 1771 Maurum
652 1712 773 1770 leuitam
805 1723 895 1787 atque
927 1712 1084 1771 abbatem:
1116 1712 1250 1770 concede
1280 1711 1368 1769 nobis

327 1793 484 1869 propitius:
506 1794 572 1869 ipso
595 1793 809 1852 interueniente
831 1793 946 1851 aditum
969 1793 1051 1868 regni
1073 1793 1208 1852 celestis:
1229 1793 1312 1851 cuius
1329 1793 1368 1850 ad

328 1873 404 1933 bene
418 1874 581 1933 uiuendum
596 1875 789 1933 informamur
804 1875 954 1950 exemplis.
999 1876 1062 1932 Per.

285 1955 407 2014 Secreto.
451 1956 546 2033 Super
568 1956 624 2014 hec
647 1974 729 2014 sacra
751 1954 892 2013 libamina
905 1954 983 2013 adsit
998 1973 1161 2030 quesumus
1176 1955 1367 2031 omnipotens

327 2036 402 2094 deus
427 2047 477 2095 tue
496 2035 714 2096 benedictionis
728 2035 832 2111 copia:
847 2047 877 2093 11
893 2036 972 2094 beati
989 2037 1086 2094 Mauri
1101 2036 1367 2094 interuenientibus

326 2117 483 2192 precibus:
499 2117 557 2175 sint
571 2119 610 2176 ad
625 2117 787 2176 remedium
802 2118 917 2175 cunctis
932 2117 1071 2176 fidelibus
1086 2117 1211 2193 populis.
1229 2119 1292 2174 Per.

285 2197 522 2256 postcommunio.
565 2198 653 2257 Adsit
677 2198 804 2275 petimus
823 2198 1053 2257 clementissime
1069 2199 1151 2269 deus,
1174 2197 1243 2256 huic
1260 2197 1369 2256 familie

326 2291 376 2336 tue
400 2278 595 2338 miserationis
620 2278 809 2356 propitiatio:
839 2290 869 2337 et
894 2279 972 2337 beati
998 2279 1094 2337 llauri
1116 2281 1293 2338 confessoris
1316 2281 1366 2348 tui,

326 2370 417 2435 atque
466 2360 582 2419 abbatis
639 2360 848 2419 intercessione
904 2361 959 2418 hec
1007 2372 1116 2430 sancta,
1154 2379 1213 2436 que
1247 2359 1369 2435 indigne

326 2440 526 2517 sumpsimus:
548 2442 726 2500 adsalutem
742 2460 806 2499 esse
820 2441 961 2499 concede.
1005 2442 1061 2500 Per
1077 2463 1083 2499 :
1100 2443 1164 2518 581,
1182 2442 1255 2518 581,.

294 2522 367 2581 ÷In
395 2520 488 2599 (-In
501 2545 510 2580 :
533 2524 597 2599 581,
629 2522 706 2598 581,)
736 2522 908 2580 Sanctorum
936 2530 1100 2597 martyram
1124 2523 1253 2580 beraldi:
1270 2522 1369 2597 petri:

327 2603 450 2661 occurrii
458 2626 468 2661 :
489 2604 604 2661 adtitti:
624 2612 652 2660 ct
676 2604 799 2661 ottonis:
821 2605 868 2679 85,
885 2623 932 2679 93,
949 2621 997 2680 05,
1021 2606 1068 2675 08,
1093 2623 1139 2678 09,
1161 2605 1204 2674 16,
1231 2623 1279 2678 43,
1303 2603 1368 2680 581,

328 2685 402 2758 58L,
419 2685 488 2743 608.

341 2764 513 2823 Sanctorum
528 2773 693 2831 martirum
708 2765 820 2822 ordinis
834 2766 980 2822 ntt'norum
995 2766 1136 2823 bernardi
1147 2763 1296 2842 (berardi.-
1317 2767 1369 2836 40)

320 2846 405 2920 petii
415 2847 539 2904 occurrii
549 2855 578 2904 et
588 2847 701 2904 ottont's
712 2869 722 2904 :
744 2865 791 2920 30,
807 2866 855 2917 40.

285 2927 439 2985 Introitus.
484 2928 580 2986 Multe
614 2927 816 2985 tribulationes
851 2927 993 2985 iustorum
1022 2939 1051 2986 et
1079 2927 1117 2986 de
1152 2927 1197 2985 his
1233 2926 1372 2985 omnibus

327 3007 462 3067 liberauit
490 3027 541 3067 eos
569 3009 727 3068 dominus:
750 3007 890 3066 dominus
918 3008 1048 3067 custodit
1063 3008 1164 3067 omnia
1186 3027 1254 3067 ossa
1268 3027 1370 3067 eorum

325 3108 418 3146 unum
433 3109 468 3148 ex
484 3090 529 3148 bis
543 3109 604 3149 non
619 3100 794 3148 conteretur.

286 3169 336 3227 Ps.
381 3170 562 3229 Benedicam
584 3170 739 3229 dominum
763 3169 793 3227 in
818 3169 1073 3246 omnitempore:
1096 3189 1212 3246 semper
1232 3171 1295 3228 laus
1310 3171 1373 3229 eius

326 3249 356 3308 in
372 3270 422 3309 ore
437 3271 513 3310 meo.
556 3253 596 3311 ff.
613 3251 713 3311 Gloria
728 3251 801 3327 patri
817 3263 846 3309 et
861 3251 921 3309 filio
936 3262 964 3309 et
979 3251 1099 3327 spiritui.

290 3331 403 3390 Oratio.
448 3333 566 3410 largire
584 3333 671 3391 nobis
690 3350 853 3408 quesumus
872 3332 994 3390 domine
1008 3331 1101 3390 beatis
1121 3333 1296 3408 martyribus
1316 3333 1373 3391 tuis

331 3411 453 3472 beraldo
469 3413 647 3489 (bernardoz
671 3434 717 3489 30,
735 3412 878 3471 berardo:
900 3414 952 3488 40)
974 3426 1077 3489 petro:
1098 3414 1249 3472 occursio:
1270 3415 1373 3473 adiuto

329 3504 357 3551 et
379 3495 491 3553 othone
512 3494 763 3553 intercedentibus
777 3494 896 3553 celestia
917 3513 1034 3570 semper
1055 3507 1083 3552 et
1097 3496 1239 3553 christum
1255 3513 1372 3552 amare:

330 3593 457 3650 quorum
478 3576 607 3652 glorioso
629 3576 766 3651 martyrio
781 3575 893 3634 ordinis
916 3576 1064 3633 minorum
1079 3575 1162 3634 initia
1183 3575 1372 3634 consecrasti.

329 3657 393 3714 Per.

294 3737 351 3794 ott
372 3739 429 3794 isto
461 3738 572 3796 Oratio.
617 3739 718 3796 Presta
738 3757 900 3813 quesumus
929 3737 1118 3813 omnipotens
1146 3738 1238 3796 deus:
1268 3749 1298 3796 11
1323 3737 1374 3812 qui

328 3818 471 3894 gloriosos
497 3830 636 3893 martyres
661 3820 812 3877 beraldum
835 3831 969 3893 petrum:
991 3819 1174 3876 accursium:
1196 3819 1330 3876 adiutum
1346 3829 1375 3876 et

330 3911 464 3958 ottonem
487 3900 576 3958 fortes
598 3900 626 3956 in
643 3919 696 3958 sua
710 3901 898 3958 consessione
919 3899 1135 3976 cognouimus:
1157 3901 1222 3975 pios
1243 3900 1324 3976 apud
1345 3911 1374 3957 te

330 3979 359 4037 in
375 3992 475 4039 nostra
485 3980 695 4039 intercessione
710 3983 880 4039 sentiamus.
925 3983 981 4039 Per
990 3980 1146 4039 dominum
1159 3993 1310 4039 nostrum:
1337 3983 1372 4038 16

290 4061 435 4135 Epistola.
488 4061 696 4137 Spectaculum
747 4061 815 4119 facti
858 4080 969 4119 sumus
1026 4062 1154 4135 Require
1203 4062 1234 4118 in
1273 4062 1374 4137 vigilio

323 4143 523 4216 pltttt'tnoram
538 4144 739 4217 apostoloram.
777 4138 840 4219 [See
854 4143 946 4214 abore,
963 4144 1020 4200 rol.
1036 4143 1054 4200 i.
1070 4162 1098 4218 p.
1114 4138 1196 4221 405]

295 4224 457 4282 Graduale.
502 4223 633 4283 Uindica
654 4223 776 4281 domine
798 4223 970 4300 sanguinem
992 4237 1161 4282 sanctorum
1184 4238 1301 4282 tuorum
1323 4223 1374 4299 qui

332 4305 441 4362 effusus
466 4316 517 4361 est.
541 4305 579 4362 si'.
598 4307 763 4362 Posuerunt
786 4304 917 4362 mortalia
939 4323 1091 4363 seruorum
1114 4317 1230 4362 tuorum
1252 4304 1375 4363 domine

330 4403 412 4443 escas
434 4385 601 4444 volatilibus
622 4386 697 4443 celi:
720 4404 822 4444 carnes
844 4399 1015 4444 sanctorum
1037 4398 1154 4444 tuorum
1178 4385 1279 4444 bestiis
1302 4398 1376 4445 terre
